2550 3500
299 366 347 413 852
632 366 753 413 TACITI

878 428 914 479 [a.
924 429 951 467 o.
962 430 983 468 c.
994 428 1038 475 am,
1047 428 1081 469 au

298 480 437 548 tutumque
447 494 541 530 novum
551 476 645 532 Caesari
655 477 739 544 decus,
748 496 800 532 non
812 476 923 533 adversis
936 480 1087 533 Parthorum
1142 540 1143 547 ἵ

277 554 376 609 arabus
399 554 538 625 supplicem
561 554 709 609 Arsaciden,
752 556 818 611 Tum
841 556 936 627 placuit
959 555 1092 610 Tiridaten
1142 554 1143 611 j

299 648 393 701 uenere
405 630 474 702 apud
484 630 592 702 effigiem
608 631 716 687 Oaesaris
733 631 832 703 insigne
850 633 956 705 regium,
975 650 1024 687 nec
1042 627 1093 686 nisi
1142 634 1143 685 l

298 726 377 762 manu
388 708 499 763 Neronis
511 726 655 775 resumere;
675 713 701 763 et
713 709 866 781 colloquium
878 710 964 765 osculo
980 709 1091 763 finitum.

277 784 369 839 4Dcin
379 786 466 856 paucis
479 784 567 839 diebus
583 785 731 856 interjectis,
749 805 842 858 magna
858 786 978 857 utrinque
997 786 1090 857 specie,

299 861 359 917 inde
371 879 449 933 eques
461 862 615 933 compositus
628 881 673 933 per
685 867 781 917 turmas
794 868 820 918 et
832 863 974 935 insignibus
992 862 1092 934 patriis,

300 938 361 994 hinc
379 939 480 1011 agmina
497 939 625 1010 legionum
644 943 737 995 stetere
755 940 913 1012 fulgentibus
934 939 1024 1011 aquilis
1042 939 1092 1010 sig·

278 1016 392 1087 tuisque
415 1021 442 1071 et
465 1016 605 1071 simulacris
629 1015 705 1071 dcirm
726 1017 754 1071 in
771 1017 873 1071 modum
896 1016 992 1088 templi.
1036 1015 1092 1071 Mc·

302 1093 344 1148 dio
356 1092 468 1147 tribunal
479 1092 565 1147 sedem
577 1093 697 1159 curulem,
711 1097 737 1149 et
755 1094 828 1149 sedes
846 1094 953 1166 effigiem
970 1093 1091 1157 Neronis,

278 1169 452 1225 danatiuebat.
488 1169 531 1225 Ad
551 1189 625 1241 quam
646 1189 795 1243 progressus
815 1172 949 1237 Tiridates,
969 1170 1042 1226 caesis
1061 1188 1093 1225 ex
1142 1192 1143 1233 l

300 1265 371 1303 more
391 1247 509 1313 victimis,
530 1247 659 1302 sublatum
680 1248 762 1319 capite
783 1248 897 1305 diadema
914 1248 1019 1319 imagini
1036 1246 1092 1301 sub-

298 1324 368 1397 jecit,
388 1324 489 1396 magnis
509 1324 577 1395 apud
597 1328 703 1379 cunctos
722 1326 863 1380 animorum
883 1325 1003 1393 motibus,
1028 1340 1092 1395 quos

302 1401 412 1475 augebat
435 1402 512 1457 insita
535 1400 617 1457 adhuc
641 1402 720 1457 oculis
739 1402 897 1457 exercituum
917 1402 1093 1457 Romanorum

280 1478 383 1541 7ced0s
407 1483 452 1535 aut
475 1478 581 1534 obsidio.
617 1481 654 1532 At
677 1496 746 1535 nunc
769 1498 856 1535 versos
880 1496 969 1535 casus:
994 1478 1092 1533 iturum
1142 1528 1143 1531 ,

301 1556 433 1612 Tiridaten
450 1556 564 1611 ostentui
581 1556 710 1627 gentibus,
730 1560 825 1627 quanto
841 1557 925 1611 minus
941 1572 1016 1627 quam
1035 1574 1093 1627 cap·

257 1633 405 1691 activum?
439 1631 547 1689 Addidit
558 1632 646 1704 glorie
658 1633 769 1689 Corbulo
781 1634 925 1689 comitatem
938 1632 1091 1705 epulasque;
1142 1658 1143 1665 ¹

301 1716 329 1766 et
340 1711 468 1783 rogitante
479 1728 540 1782 rege
551 1728 649 1776 musas,
662 1711 779 1782 quotiens
790 1730 885 1768 novum
898 1710 993 1783 aliquid
1004 1710 1093 1766 adver·

301 1792 376 1855 terat,
396 1791 427 1842 nt
448 1788 523 1842 initia
541 1787 686 1858 vig'liarum
708 1807 753 1860 per
774 1789 947 1846 centurionem
970 1788 1092 1854 nuntiari,

301 1864 444 1921 convivium
464 1864 556 1920 bucina
576 1864 679 1930 dimitti,
701 1871 728 1921 et
748 1871 872 1922 structam
895 1877 954 1922 ante
972 1866 1094 1937 augurale

301 1960 371 1998 aram
391 1940 495 1997 subdita
511 1941 567 1996 lace
584 1941 695 2008 accendi,
714 1948 806 2000 cuncta
823 1944 851 1998 in
870 1944 952 2014 majus
972 1943 1093 1998 attollens

280 2019 467 2076 ammiratione
485 2018 562 2090 prisci
578 2018 656 2074 moris
672 2021 764 2076 affecit.
800 2022 908 2076 Postero
925 2019 966 2076 die
982 2021 1093 2092 spatium
1142 2067 1143 2076 ,

302 2097 393 2162 oravit,
415 2114 466 2168 quo
483 2100 585 2152 tantum
601 2096 701 2152 itineris
719 2098 835 2154 aditurus
854 2099 946 2153 iratres
964 2103 1025 2152 ante
1042 2115 1094 2153 ma-

302 2177 419 2245 tremque
430 2173 539 2229 viseret:
558 2173 672 2230 obsidem
683 2175 781 2230 interca
795 2175 872 2230 filiam
887 2174 967 2230 tradit
983 2175 1094 2230 litteras-

259 2258 353 2323 3lque
375 2251 501 2323 supplices
524 2250 557 2306 ad
580 2251 716 2306 Neronem.
758 2255 793 2308 Et
817 2252 945 2325 digressus
968 2253 1094 2308 Pacorum

303 2327 372 2399 apud
382 2327 483 2397 Medos,
494 2327 639 2400 Vologesen
651 2329 789 2385 Ecbatanis
800 2330 920 2402 repperit,
934 2346 986 2384 non
1000 2329 1094 2384 inomi-

303 2423 377 2461 osum
397 2405 498 2461 fratris:
517 2406 611 2477 quippe
632 2409 659 2461 et
680 2407 788 2478 propriis
805 2407 933 2462 nuntiisa
950 2407 1094 2462 Corbulone

303 2482 420 2554 petierat,
433 2501 465 2538 ne
478 2501 552 2554 quam
565 2483 700 2554 imaginem
713 2484 811 2540 servitii
822 2484 948 2539 Tiridates
960 2485 1093 2554 perferret,

302 2577 355 2614 neu
366 2559 460 2616 ferrum
472 2559 593 2624 traderet,
611 2563 657 2615 aut
675 2561 807 2632 complexu
822 2562 964 2632 provincias
981 2561 1094 2616 obtinen-

304 2637 369 2692 tium
390 2641 519 2692 arceretur
536 2637 667 2692 foribusve
685 2655 771 2692 eorum
789 2639 920 2694 assisteret
929 2661 937 2705 ;
955 2642 1094 2710 tantusque

282 2715 328 2771 aci
352 2715 448 2779 Roma,
469 2718 580 2784 quantos
601 2715 754 2781 consulibus,
775 2715 856 2772 honor
880 2720 955 2771 esset.
993 2715 1095 2771 Scilicet

304 2795 417 2847 externe
428 2791 553 2862 superbia
566 2795 639 2846 sueto
651 2807 703 2846 non
714 2792 797 2848 inerat
811 2793 904 2848 notitia
920 2793 1010 2860 nostri,
1028 2791 1094 2864 apud

305 2886 369 2940 quos
381 2867 420 2922 vis
431 2867 530 2938 imperii
542 2868 617 2933 valet,
629 2868 715 2924 inania
725 2871 914 2926 tramittuntur.

260 2947 299 3003 82
341 2945 438 2999 Eodem
450 2962 516 3000 auno
528 2944 614 3000 Cesar
624 2945 740 3003 nationes
752 2947 856 3020 Alpium
873 2948 1057 3004 maritimarum
1069 2947 1096 3004 in
