2550 3500
409 374 607 424 ANNALIUM
626 376 663 423 11.
681 376 785 425 27-32.
963 378 996 427 68

190 439 313 544 iiitiirliii
328 486 497 544 concederent
517 491 544 543 et
561 487 628 542 Libo
649 487 704 542 sine
723 491 833 558 patrono
852 485 993 555 introisset,

190 566 346 638 singillatim
366 585 394 621 se
417 565 524 621 crimina
546 564 707 636 objecturum
728 565 867 636 professus,
887 564 995 636 protulit

191 645 296 700 libellos
307 643 428 700 vecordes
441 642 511 708 adeo,
524 647 555 698 ut
567 641 750 697 consultaverit
765 642 832 697 Libo
850 660 883 696 an
894 641 994 697 habitu·

190 741 241 778 rus
260 721 329 776 foret
346 739 415 792 opes,
434 721 491 792 quis
509 720 576 774 viam
596 719 708 791 Appiam
725 719 893 775 Brundisium
912 738 994 792 usque

192 801 306 873 pecunia
317 801 436 871 operiret.
472 799 577 854 Inerant
590 801 617 853 et
631 797 682 852 alia
697 796 880 869 hujuscemodi,
893 797 1019 864 stolidas

194 897 271 944 vana
290 877 313 932 si
330 877 431 932 mollius
449 876 582 947 acciperes,
602 875 752 930 miseranda.
789 874 844 930 Uni
861 880 948 930 umen
965 875 994 930 li·

194 955 266 1011 bello
277 974 355 1010 mann
370 955 477 1012 Libonis
489 954 633 1010 nominibus
651 954 780 1009 Cesaram
791 956 836 1007 aut
848 958 995 1008 senatorum
1003 983 1012 1019 ·.

195 1033 299 1088 additas
317 1038 417 1088 succes
433 1033 475 1088 vel
491 1032 604 1088 occultas
621 1035 696 1086 notas
714 1034 847 1086 accusator
862 1030 993 1102 arguebat.

196 1111 321 1182 Negante
339 1128 391 1176 reo,
410 1114 577 1182 agnoscentes
596 1127 684 1164 servos
704 1127 751 1179 per
769 1111 899 1162 tormenta
914 1107 1020 1162 inter-8

194 1188 285 1260 rogari
296 1188 400 1258 placuit.
434 1188 471 1244 Et
483 1187 543 1259 quis
550 1191 637 1242 vetere
649 1190 753 1240 senatus
762 1184 879 1240 consulto
887 1184 994 1256 questio

197 1267 227 1321 in
251 1269 329 1336 caput
350 1263 445 1320 domini
467 1263 657 1336 prohibebatur,
677 1262 782 1318 callidus
801 1265 828 1317 et
851 1262 911 1317 novi
928 1262 994 1333 juris

197 1347 318 1414 repertor
341 1341 457 1398 Tiberius
480 1341 620 1412 mancipari
647 1340 761 1411 singulos
785 1339 867 1395 actori
892 1339 995 1411 publico

195 1421 281 1493 jubet,
301 1419 397 1475 scilicet
414 1424 445 1474 ut
462 1419 489 1474 in
506 1418 632 1474 Libonem
649 1436 683 1473 ex
699 1417 779 1472 servis
800 1416 870 1472 salvo
890 1420 994 1471 senatus

199 1497 319 1553 consrdto
343 1500 506 1568 quereretur.
542 1495 584 1552 Ob
607 1513 664 1566 quse
690 1498 822 1566 posterum
846 1492 913 1548 diem
935 1503 1019 1549 reuss

200 1575 302 1647 petivit,
312 1574 464 1644 domumque
473 1573 602 1646 digressus
609 1576 737 1628 exuemus
745 1589 833 1642 preces
842 1571 872 1626 P.
885 1570 995 1630 Quirino

201 1653 346 1724 propinquo
370 1669 417 1706 suo
440 1650 473 1706 ad
496 1651 636 1722 principem
658 1647 796 1704 mandavit.
819 1648 1040 1723 'Responsumssl

202 1733 245 1785 est
267 1733 298 1785 ut
322 1732 439 1785 senatum
462 1732 572 1801 rogaret.
609 1727 768 1800 Cingebatur
790 1726 894 1782 interim
913 1725 994 1782 milite

203 1807 303 1873 domus,
317 1806 464 1879 strepebant
482 1807 558 1867 etiam
575 1805 750 1871 investibulo,
762 1809 793 1860 ut
804 1804 894 1870 audiri,
906 1808 938 1859 ut
955 1822 996 1859 aa·

203 1886 256 1957 pici
278 1890 398 1957 possent:
430 1902 489 1939 cum
511 1883 577 1939 Libo
600 1884 671 1954 ipsis,
695 1901 759 1955 quas
782 1882 810 1937 in
831 1882 995 1937 noussimam

204 1962 364 2034 voluptatem
382 1961 539 2027 adhibuerat,
558 1961 639 2033 epulis
660 1960 821 2016 exomoiatus
832 1977 923 2014 vocam
940 1977 996 2030 per·

205 2058 342 2103 cossuram,
354 2058 474 2111 prensare
486 2057 616 2095 servorum
627 2037 738 2104 dextra,
751 2038 862 2093 inserere
873 2035 994 2109 gladium.

205 2122 293 2191 Atque
304 2118 361 2184 iilis,
375 2118 436 2173 dum
447 2117 583 2189 trepidant,
597 2116 659 2171 dum
669 2116 809 2189 refugiunt,
822 2113 1020 2170 evertentibus2

206 2196 351 2268 adpositum
374 2214 461 2251 mensa
484 2194 577 2259 lumen,
595 2193 718 2249 iersdibus
738 2193 792 2265 jam
812 2191 861 2247 sibi
882 2190 995 2246 tenebris

206 2274 271 2329 duos
291 2274 358 2329 ictus
378 2272 406 2328 in
422 2272 521 2328 viscera
537 2271 636 2327 direxit.
673 2270 716 2325 Ad
732 2269 856 2343 gemitum
873 2267 1020 2324 mathena

206 2352 242 2408 tis
254 2350 387 2407 adcurrere
402 2350 503 2416 liberti;
523 2353 550 2405 et
565 2349 633 2405 cede
644 2348 700 2405 risa
713 2348 786 2403 miles
801 2346 909 2402 abstitit.
944 2346 1021 2405 Aca

207 2430 306 2486 assatio
324 2432 410 2485 tamen
430 2427 498 2500 apud
520 2431 607 2499 patres
627 2426 814 2481 asseveratione
832 2423 920 2479 eadem
940 2442 998 2495 per·

194 2512 272 2573 aeta,
294 2506 440 2578 juravitque
461 2505 577 2561 Tiberius
600 2503 742 2576 petiturum
762 2521 791 2558 se
812 2502 892 2558 vitam
910 2503 1003 2573 quam-⁴

208 2584 247 2641 ris
269 2583 381 2649 nocenti,
406 2582 456 2639 nisi
479 2582 649 2638 voluntariam
671 2584 780 2636 mortem
803 2578 997 2652 properavisset.

208 2662 283 2719 Bona
300 2660 369 2719 inter
390 2665 549 2716 accusatores
569 2658 724 2723 dividantur,
742 2661 769 2713 et
789 2662 906 2729 pretoria
926 2659 1047 2713 extruas

210 2739 322 2797 ordinem
343 2738 409 2793 datae
429 2738 461 2793 iis
484 2738 529 2810 qui
548 2736 668 2793 senatorii
690 2735 786 2791 ordinis
810 2738 890 2790 erant.
926 2732 1025 2788 Tunes

211 2818 288 2872 (totta
302 2815 465 2882 Messalinus,
486 2834 519 2871 ne
533 2815 617 2886 imago
637 2813 744 2869 Libonis
764 2811 897 2883 exsequias
917 2813 1001 2881 poste-

211 2912 296 2951 rorum
323 2894 495 2959 comitaretur,
519 2893 636 2957 censuit;
665 2892 712 2947 Cu
730 2889 866 2954 Lentulus,
889 2886 1001 2957 nequis

214 2971 358 3029 Scribonim
380 2975 577 3045 cognomentum
601 2971 682 3024 Derai
704 2969 854 3023 assumeret.
901 2962 1025 3035 Suppli-a
