2550 3500
404 312 600 359 ANNALIUM
618 313 663 362 Vl.
682 314 784 364 27-30.
948 316 992 363 199

199 376 227 413 Α.
235 374 259 413 D.
273 374 304 420 88,
314 373 355 422 81]

199 424 277 478 terris
289 430 389 478 struere
406 423 502 488 nidum,
516 424 589 495 eique
600 424 652 479 rim
664 424 800 497 genitalem
812 424 947 489 effundere,
961 443 994 479 ex

143 543 148 572 ,
200 520 251 571 qua
269 502 350 555 fetum
371 501 446 567 oriri;
474 506 500 557 et
521 502 627 572 primam
648 502 735 556 adulto
752 520 839 556 euram
856 501 994 573 sepeliendi

143 595 149 640 r
199 579 289 649 patris,
307 597 389 649 neque
407 578 433 633 id
450 582 553 643 temere,
571 578 623 645 sed,
640 578 740 634 sublato
758 579 866 651 myrrha
883 578 993 650 pondere

145 713 149 734 Ι
199 661 351 727 tentatoque
372 656 535 729 perlongum
555 658 612 725 iter,
624 657 670 713 ubi
685 677 731 729 par
746 658 824 723 oneri,
837 676 883 729 par
898 658 994 713 meatui

145 743 149 772 ¹
199 734 243 799 sit,
264 734 349 787 subire
368 734 480 805 patrium
503 752 594 805 corpus
615 735 692 805 inque
713 734 773 789 solis
793 753 862 789 aram
881 734 993 805 perferre

200 818 279 881 atque
286 810 393 865 adolere.
429 811 494 866 Haee
502 811 599 866 incerta
608 816 634 866 et
643 812 764 867 fabulosis
776 815 862 866 aucta:
881 816 1018 867 ceterum8

201 888 282 959 aspici
302 887 435 959 aliquando
458 887 485 943 in
507 888 620 961 AEgypto
644 908 698 944 eam
721 889 849 944 uolucrem
868 908 920 943 non
942 907 994 943 am-

201 966 306 1038 bigitur.

236 1047 274 1099 At
292 1045 381 1099 Roma
399 1043 466 1099 crede
485 1044 612 1111 continua,
631 1045 788 1117 Pomponius
806 1044 900 1111 Labeo,
919 1049 1041 1116 quemue

200 1122 334 1194 praefuisse
345 1122 445 1177 Messiae
456 1122 553 1187 rettuli,
566 1141 612 1193 per
624 1122 745 1193 abruptas
757 1141 834 1178 venas
846 1123 995 1195 sanguinem

201 1198 305 1265 effudit;
322 1198 760 1271 aemulataqueestconjuunPaxrea
790 1200 1018 1270 Nampmmptas2

201 1274 328 1347 ejusmodi
339 1279 433 1330 mortes
447 1279 531 1329 metus
550 1276 673 1331 carnificis
689 1276 805 1341 faciebat,
818 1280 845 1331 et
857 1276 916 1347 quia
928 1276 995 1330 dam-

201 1354 259 1408 nati
279 1352 413 1424 publicatis
434 1352 506 1407 bouis
527 1352 658 1423 sepultura
681 1352 886 1423 prohibebantur,
908 1372 995 1408 eorum

203 1431 249 1501 qui
270 1429 301 1485 de
323 1448 350 1484 se
369 1430 517 1485 statuebant
536 1430 708 1485 humabantur
728 1448 840 1501 corpora,
861 1430 995 1485 manebant

203 1510 366 1572 testamenta,
385 1508 495 1578 pretium
511 1506 656 1561 festinandi.
694 1506 744 1561 Sed
761 1507 847 1561 Caesar
864 1508 947 1561 missis
963 1508 1019 1562 adt

204 1588 323 1639 senatum
335 1584 427 1639 litteris
440 1583 566 1649 disseruit,
579 1602 676 1639 morem
687 1583 766 1638 fuisse
777 1583 920 1655 majoribus,
934 1602 996 1655 quo-

203 1663 273 1716 tiens
298 1660 444 1717 dirimerent
467 1661 598 1725 amicitias,
623 1660 773 1715 interdicere
796 1660 870 1716 domo
889 1680 997 1733 eumque

204 1739 282 1794 finem
294 1738 493 1810 gratiaponere:
513 1736 540 1792 id
549 1757 576 1793 sa
584 1737 732 1810 repetivisse
741 1737 769 1792 in
779 1737 906 1804 Labeone,
919 1745 997 1811 atque

204 1817 285 1882 illum,
309 1816 368 1886 quia
390 1815 455 1870 male
479 1815 661 1870 administrata
684 1815 818 1887 provincia
841 1817 997 1888 aliommque

205 1893 340 1948 ernniuum
356 1892 502 1964 urgebatur,
520 1892 619 1964 culpam
634 1893 729 1948 invidia
745 1893 878 1960 velavisse;
901 1894 998 1950 frustra

205 1970 346 2026 conterrita
362 1989 449 2037 uxore,
464 1989 546 2040 quam,
566 1970 615 2025 etsi
633 1974 774 2035 nocentem,
790 1971 895 2042 periculi
911 1975 998 2026 tamen

205 2051 337 2116 expertem
349 2046 434 2101 fuisse.
471 2047 616 2102 Mamercus
628 2046 687 2102 dein
699 2048 808 2102 Scaurus
824 2067 925 2102 rursum
940 2059 1023 2118 pos-4

205 2125 313 2189 tulatur,
333 2123 439 2195 insignis
460 2123 592 2178 nobilitate
608 2127 635 2178 et
653 2123 754 2178 orandis
771 2125 861 2189 causis,
874 2124 928 2180 vita
941 2143 998 2195 pro-

205 2201 307 2256 brosus,
342 2201 415 2255 Nihil
425 2201 493 2255 hunc
511 2201 621 2256 amicitia
638 2200 732 2271 Sejani,
746 2199 791 2254 sed
802 2200 919 2256 labefecit
931 2201 1023 2259 haudo

206 2279 292 2334 minus
309 2277 418 2332 validum
438 2277 471 2332 ad
488 2277 566 2332 exitia
581 2277 711 2332 Macronis
728 2276 821 2342 odium,
839 2277 883 2349 qui
898 2277 1000 2334 easdem

207 2361 276 2411 artes
300 2355 425 2410 occultius
449 2355 593 2420 exercebam
622 2354 799 2425 detuleratque
820 2360 999 2426 argumentum

206 2432 338 2505 tragoediae
354 2451 370 2486 a
386 2433 480 2488 Scauro
496 2431 605 2504 scriptae,
618 2431 711 2486 additis
728 2431 842 2486 versibus
857 2434 900 2504 qui
915 2433 943 2488 in
959 2435 1000 2488 Ti-

206 2511 307 2567 berium
325 2511 496 2564 flecterentur.
532 2509 629 2564 Verum
653 2507 685 2562 ab
707 2507 812 2563 Servilio
832 2513 859 2564 et
883 2510 1024 2570 Cornelios

207 2585 397 2644 accusatoribus
410 2585 561 2642 adulterium
570 2585 657 2650 Liviae,
666 2603 798 2656 magorum
811 2587 1000 2659 sacraobjecta-

207 2665 311 2720 bantur.
349 2664 466 2728 Scaurus,
474 2667 504 2718 ut
517 2663 622 2734 dignum
634 2663 763 2718 veteribus
775 2663 892 2728 AEmiliis,
901 2664 1024 2728 damna-7

207 2744 306 2798 tionem
318 2741 406 2805 anteit,
414 2741 532 2794 hortante
545 2740 632 2794 Sextia
643 2758 730 2805 uxore,
743 2759 799 2810 quae
810 2741 1000 2795 incitamentum

208 2818 300 2874 mortis
321 2821 348 2872 et
372 2817 498 2889 particeps
517 2817 575 2872 fuit.
619 2820 659 2872 Ac
682 2820 768 2872 tamen
789 2824 956 2881 accusatores,
978 2818 1052 2875 si30

210 2897 320 2952 facultas
344 2895 474 2960 incideret,
499 2895 587 2966 poeuis‘
603 2895 790 2951 afficiebantur:
826 2899 856 2948 ut
880 2894 1000 2949 Servilius
