2550 3500
313 363 361 413 sss
648 363 770 412 rsc1r1
864 334 869 343 ’

888 422 1102 473 [nucsosms.

290 474 473 531 sbarbarorum
492 475 581 529 animis
598 474 760 546 praebuerint.
795 474 934 529 Poteretnr
950 474 1104 527 Rhadamis-

310 557 354 607 tus
366 552 430 607 mele
442 552 529 623 partis,
543 552 603 606 dum
614 552 719 618 invisus,
732 552 849 617 infamis3
868 549 969 621 qnando
980 550 1008 604 id
1018 552 1103 620 magis

311 646 343 683 ex
358 648 415 695 usu,
438 646 513 699 quam
531 630 554 683 si
571 646 629 683 cum
645 629 726 701 gloria
742 628 850 699 adeptus
869 628 944 682 foret.
980 626 1016 681 In
1036 627 1104 681 hanc

289 706 463 761 Asententiam
474 706 546 761 itum.
583 706 625 761 Ne
636 710 722 761 tamen
737 706 855 760 annuisse
871 703 977 759 facinori
989 703 1105 758 videren-

310 787 355 837 tur
376 786 402 838 et
423 782 521 837 diversa
541 783 626 837 Cesar
644 783 753 854 juberet,
775 782 847 837 missi
864 781 897 835 sd
913 780 1105 835 Pharasmanen

311 860 396 914 nuntii
407 863 437 913 ut
447 858 592 915 abscederet
601 878 617 913 a
627 860 720 915 finibus
729 860 856 914 Armeniis
865 858 995 929 filiumque
1006 857 1105 912 abstra-

266 938 390 995 49heret.
426 937 490 991 Erat
509 936 673 1007 Cappadocia
690 941 839 1007 procurator
861 935 946 989 Julius
969 934 1105 1006 Pelignus,
1144 977 1146 998 ,

311 1014 396 1085 ignavi
408 1013 484 1068 animi
500 1017 526 1069 et
541 1013 679 1069 deridiculo
695 1014 806 1085 corporis
824 1014 900 1085 juxta
916 1011 1102 1082 despiciendus¹

312 1090 357 1145 sed
385 1090 490 1145 Claudio
514 1109 634 1162 perquam
658 1091 794 1157 familiaris,
820 1109 878 1146 cum
901 1090 1016 1160 privatus
1042 1090 1104 1144 olim

289 1168 501 1228 econversatione
524 1186 668 1223 scurrarum
691 1169 758 1223 iners
782 1168 864 1223 otium
887 1166 1037 1221 oblectaret.
1073 1168 1103 1221 Is

312 1246 433 1317 Pelignus
448 1246 547 1301 auxiliis
564 1246 755 1317 provincialium
769 1244 906 1300 contractis
923 1248 1048 1315 tanquam
1064 1262 1103 1299 re

313 1327 478 1395 superaturus
490 1323 643 1387 Armeniam,
660 1322 721 1377 dum
736 1322 817 1377 socios
833 1322 914 1393 magis
926 1339 1002 1392 quam
1013 1321 1102 1376 hostes

312 1400 448 1471 predatur,
467 1400 585 1455 abscessu
602 1418 707 1454 snorum
726 1403 754 1455 et
775 1398 963 1455 incursantibus
987 1398 1101 1453 barbaris

312 1477 423 1549 presidii
438 1496 522 1548 egens,
540 1477 572 1531 ed
590 1476 785 1533 Bbadsnristum
799 1476 886 1542 venit;
904 1475 1029 1547 doumque
1047 1477 1102 1547 ejus

313 1555 410 1611 evictus
423 1554 491 1610 ultro
503 1555 600 1625 regium
612 1554 712 1626 insigne
723 1572 822 1608 sumere
833 1553 989 1618 cohortatur,
1002 1572 1102 1608 sumen-

292 1634 384 1705 3tique
403 1632 474 1687 adest
492 1637 581 1688 auctor
598 1636 625 1687 et
643 1631 751 1686 satelles.
787 1630 865 1690 Quod
881 1630 926 1685 ubi
943 1630 1014 1701 turpi
1035 1630 1102 1685 same

248 1777 250 1782 Ι
313 1710 479 1782 divulgatum,
492 1728 524 1765 ne
536 1709 614 1766 ceteri
626 1727 726 1781 quoquc
733 1726 766 1764 ex
774 1708 880 1780 Peligna
888 1708 1101 1779 coniectarentur,

313 1787 447 1842 Helvidius
459 1788 562 1842 Priscus
579 1788 679 1859 legatus
696 1805 754 1842 cum
769 1787 868 1858 legione
884 1786 1006 1852 mittitur,
1025 1787 1102 1841 rebus

291 1863 421 1919 sturbidis
439 1882 485 1934 pro
508 1868 622 1936 tempore
646 1867 676 1918 ut
699 1863 849 1918 consuleret.
885 1863 971 1934 Igitur
994 1881 1102 1934 propere

313 1945 424 1996 montem
436 1941 546 1996 Psnrum
561 1946 734 2012 transgressus
752 1940 924 1996 moderatione
940 1941 1103 2012 pluraquam

313 2018 340 2073 ri
351 2022 533 2090 composuerat,
542 2036 600 2074 cum
608 2018 690 2074 redire
698 2017 726 2073 in
733 2019 830 2090 Syriam
837 2017 950 2089 jubetur,
957 2036 992 2073 ne
1000 2017 1103 2073 initium

269 2103 307 2156 50
314 2095 373 2152 belli
385 2095 504 2151 adversus
514 2096 622 2151 Parthos
634 2095 764 2150 existeret.
788 2095 856 2150 Nam
864 2095 1005 2167 Vologeses
1014 2113 1104 2150 casum

313 2172 460 2229 invadendas
471 2173 597 2228 Armeniae
608 2172 741 2228 obvenisse
751 2175 831 2238 ratus,
850 2191 926 2244 qnam
938 2191 954 2227 a
964 2173 1103 2244 majoribus
1144 2224 1145 2227 ,

314 2251 367 2305 suis
379 2269 521 2322 possessam
533 2253 654 2306 extermis
664 2268 711 2304 res
718 2249 816 2321 flagitio
827 2249 962 2317 obtineret,
974 2250 1104 2306 contrabit

314 2328 398 2398 copias
410 2327 564 2398 fratremque
575 2326 706 2381 dirideten
722 2326 845 2382 deducere
859 2327 887 2382 in
902 2345 1010 2398 regnum
1022 2330 1105 2398 paret,

292 2410 346 2458 2nc
358 2422 408 2475 qua
418 2423 477 2475 pars
494 2403 582 2460 domus
598 2404 653 2459 sine
666 2403 771 2474 imperio
789 2407 883 2475 ageret.
918 2403 1027 2460 Inccssu
1043 2404 1104 2460 Par-

313 2481 419 2536 thorum·
434 2481 488 2536 sine
506 2481 559 2536 acie
582 2481 650 2552 pulsi
672 2481 749 2546 Iberi,
773 2481 899 2552 urbesque
922 2481 1104 2536 Armeniorum

292 2557 438 2612 ³Artsxata
465 2562 491 2612 et
520 2558 702 2630 Tigranocerta
720 2558 813 2630 jugum
835 2575 962 2628 accepere.
1002 2558 1104 2614 Deinde

313 2637 387 2688 atrox
398 2633 485 2698 hiems,
505 2653 551 2688 seu
567 2653 657 2704 peram
672 2635 767 2704 provisi
782 2639 945 2704 commestus,
960 2640 989 2690 ct
1001 2641 1061 2690 orta
1071 2654 1105 2689 ex

313 2714 422 2781 utroque
434 2710 505 2765 tabes
517 2711 657 2781 percellunt
668 2712 813 2784 Vologesen
826 2713 943 2768 omittere
958 2713 1103 2783 presentia.

291 2787 477 2856 ‘illaesamque
500 2805 588 2842 rursus
615 2789 762 2844 Armeniam
790 2789 974 2846 Rhadamistus
1001 2790 1103 2855 invasit,

313 2864 481 2920 truculentior
498 2882 572 2934 quem
590 2869 672 2930 antea,
690 2869 811 2937 tanquam
825 2867 946 2922 adversus
961 2867 1104 2924 defectores
1144 2920 1145 2943 p

290 2941 380 2996 setin
390 2945 504 3012 tempore
515 2939 687 2997 rebellaturos.
715 2944 802 3016 Atque
813 2945 857 3010 illi.
871 2945 986 3017 quamvis
998 2944 1104 3002 servitio
