2550 3500
300 365 329 412 12
628 359 748 410 rrcrrr

936 422 961 460 Δ.
970 421 997 461 U.
1008 422 1030 461 0.
1039 421 1090 466 767.

274 476 356 529 fitur:
375 489 451 528 curru
462 472 521 528 vehi
531 472 599 527 baud
611 473 769 545 permissum.
805 471 871 526 Mox
882 471 934 526 cele
951 471 1089 527 ratioenm

295 549 329 604 ad
340 553 473 620 pretorem
484 549 614 617 translata,
628 551 670 606 cui
681 551 748 606 inter
759 549 827 605 eires
843 555 870 604 et
883 548 1030 621 peregrinos
1045 549 1090 621 ju·

296 627 409 682 risdictio
421 627 553 682 evenisset.

253 713 289 769 16
331 705 383 760 Hic
402 723 485 760 rerum
505 703 657 760 urbanarum
671 706 754 760 status
772 705 834 769 erat,
849 721 907 758 com
926 702 1090 758 Pannonicas

296 781 407 852 legiones
424 781 514 837 seditio
532 781 644 847 incessit,
661 782 736 836 nullis
754 781 827 836 noris
842 780 932 846 causis,
949 780 999 835 nisi
1016 781 1091 850 quod

296 863 410 913 mutatus
424 859 538 930 princeps
550 859 677 914 licentiam
691 858 823 913 turbarum
840 861 867 912 et
885 875 916 912 ex
934 857 1002 912 civili
1018 857 1090 913 bello
1142 860 1143 899 ἓ

253 941 255 949 “
274 949 368 1007 2spem
388 936 546 1008 praemiorum
565 935 722 991 ostendebat.
752 935 856 1003 ‚Castro
873 934 967 990 activis
983 938 1036 988 tres
1054 936 1091 990 si·

296 1013 349 1067 mul
360 1013 472 1085 legiones
484 1013 649 1078 habebantur,
661 1011 812 1084 presidente
823 1013 840 1065 J
842 1012 901 1067 unio
913 1011 995 1066 Blaeso
1005 1033 1013 1077 ;
1031 1013 1088 1083 qui,

295 1090 345 1145 fine
362 1091 475 1163 Augusti
492 1096 518 1146 et
534 1090 613 1145 initiis
628 1090 723 1145 Tiberii
738 1089 839 1153 auditis,
852 1089 885 1144 ob
899 1089 1028 1160 justitium
1040 1093 1091 1145 aut
1142 1112 1143 1179 p

274 1182 289 1228 s
296 1167 417 1239 gaudium
428 1167 598 1224 intermiserat
610 1167 685 1222 solita
694 1167 789 1221 munia
825 1166 998 1237 Eoprincipio
1013 1165 1091 1221 lasci-
1142 1182 1143 1237 i

295 1245 349 1300 vire
373 1245 452 1311 miles,
477 1244 627 1310 discordare,
652 1243 756 1315 pessimi
778 1243 901 1314 cujusque
927 1242 1091 1300 sermonibus
1142 1242 1143 1265 ¹

295 1322 407 1393 prebere
428 1341 509 1388 aures,
529 1321 636 1392 denique
655 1321 744 1376 luxum
759 1323 786 1374 et
800 1320 881 1375 otium
897 1338 996 1390 cupere,
1013 1319 1092 1376 disci-

273 1399 390 1471 4plinam
401 1403 427 1454 et
445 1399 555 1456 laborem
574 1398 709 1470 aspernari.
744 1397 809 1452 Erat
827 1397 855 1451 in
872 1397 962 1451 castris
978 1397 1091 1452 Percen-

296 1477 354 1532 nius
366 1476 474 1548 quidem,
488 1476 540 1532 dux
551 1476 611 1530 olim
622 1474 784 1530 theatralium
796 1492 936 1545 operarum,
956 1473 1015 1528 dein
1030 1492 1091 1546 gre·

295 1555 380 1626 garius
392 1554 472 1620 miles,
485 1571 578 1626 procax
588 1554 683 1624 lingue,
697 1556 724 1606 et
735 1553 841 1607 miscere
853 1556 933 1607 coetus
944 1551 1090 1608 histrionali
1142 1604 1143 1623 ,

273 1631 381 1693 sstudio
399 1631 497 1688 doctus.
533 1632 561 1686 Is
579 1631 709 1702 imperitos
727 1630 831 1695 animos,
850 1632 878 1684 et
896 1647 1010 1700 quaenam
1026 1634 1090 1700 post
1142 1630 1143 1691 l

295 1711 442 1783 Augustum
459 1708 555 1765 militia
573 1707 684 1764 conditio
702 1707 865 1780 ambigentes,
883 1706 1012 1779 impellere
1026 1723 1091 1778 pau-

295 1787 366 1843 latim
381 1788 512 1844 nocturnis
529 1787 658 1857 colloquiis
671 1791 716 1841 aut
727 1787 793 1841 flexo
804 1786 832 1840 in
847 1803 978 1856 vesperam
992 1784 1041 1850 die,
1060 1791 1091 1841 et

296 1864 399 1936 dilapsis
410 1864 555 1920 melioribus
568 1863 732 1919 deterrimum
744 1880 868 1934 quemque
880 1880 1042 1934 congregare.

254 1946 288 2007 17
330 1943 470 2007 Postremo,
489 1942 613 2015 promptis
631 1942 684 2013 jam
698 1944 725 1996 et
741 1940 796 1995 aliis
812 1939 942 1995 seditionis
957 1939 1091 2007 ministris,

296 2020 366 2075 velut
377 2019 597 2075 concionabundus
613 2018 793 2090 interrogabat,
812 2036 858 2072 cur
873 2017 961 2089 paucis
978 2019 1092 2072 centuri-

296 2098 394 2163 onibus,
416 2096 576 2169 paucioribus
596 2096 706 2151 tribunis
721 2097 749 2150 in
763 2094 867 2150 modurn
882 2113 1012 2149 servorum
1030 2094 1092 2150 obe·
1141 2165 1142 2170 Ἰ

275 2175 387 2235 ldirent.
424 2174 533 2234 Quando
546 2192 652 2229 ausuros
665 2192 800 2244 exposcere
811 2172 928 2237 remedia,
937 2171 1092 2228 nisinorum
1141 2191 1142 2202 ¹

296 2258 323 2309 et
343 2256 476 2308 nutantem
497 2252 579 2307 adhuc
595 2252 735 2323 principem
752 2250 868 2322 precibus
884 2249 926 2305 rel
943 2250 1019 2304 armis
1037 2250 1092 2306 adi-
1141 2307 1142 2314 ,

275 2334 353 2390 srent
370 2332 381 2385 l
401 2331 467 2385 Satis
480 2348 525 2401 per
536 2334 576 2384 tot
594 2347 673 2384 annos
689 2328 790 2400 ignavia
806 2331 947 2399 peecatum
960 2327 1030 2397 quod
1041 2329 1092 2383 tri·
1141 2319 1142 2402 l

296 2426 359 2465 cena
376 2412 420 2463 aut
433 2408 592 2480 quadragena
609 2407 736 2478 stipendia
751 2425 831 2472 senes,
849 2410 875 2460 et
892 2405 1005 2477 plerique
1017 2411 1092 2461 trun-
1141 2415 1142 2486 p

274 2490 354 2541 lecto
366 2504 398 2541 ex
415 2485 560 2541 vulneribus
579 2502 691 2556 corpore,
703 2484 821 2539 tolerent.
857 2484 900 2537 Ne
912 2482 1022 2537 dimissis
1035 2485 1092 2554 qui·
1141 2493 1142 2516 ¹

297 2564 355 2619 dem
374 2564 449 2619 linem
468 2582 524 2619 esse
543 2563 647 2627 militia,
668 2562 713 2617 sed
732 2561 799 2633 apud
817 2560 937 2617 vexillum
953 2560 1091 2617 tendentes

275 2642 345 2697 talio
357 2641 479 2697 vocabulo
492 2640 593 2696 eosdem
610 2640 709 2695 labores
727 2639 847 2711 perferre.
882 2640 922 2693 Ac
934 2637 957 2692 si
972 2637 1030 2708 quis
1048 2643 1092 2695 tot
1141 2679 1142 2710 ,

296 2738 370 2775 casus
388 2719 441 2775 vita
458 2718 621 2790 superaverit,
639 2718 707 2771 trabi
725 2716 807 2771 adhuc
824 2715 935 2770 diversas
953 2714 980 2769 in
997 2719 1090 2782 terras,
1141 2731 1142 2792 ξ

297 2797 342 2853 ubi
361 2816 407 2869 per
423 2815 516 2852 nomen
534 2814 651 2867 agrorum
668 2794 777 2866 uligines
796 2792 916 2865 paludum
934 2792 975 2848 vel
992 2792 1093 2849 inculta
1141 2795 1142 2798 ’

276 2876 422 2931 tmontium
439 2874 570 2947 accipiant.
606 2873 742 2927 Enimvero
754 2872 869 2926 militiam
885 2870 965 2942 ipsam
976 2888 1090 2942 gravem,
1141 2909 1142 2912 ,

298 2954 480 3011 infructuosam
491 2976 497 3009 r
516 2952 587 3007 denis
599 2952 626 3006 in
638 2951 705 3006 diem
717 2950 814 3005 assibus
826 2949 934 3004 animam
951 2953 979 3004 et
996 2967 1091 3021 corpus
