2550 3500
191 436 241 479 ΑΒ
257 435 301 486 14]
413 371 609 422 ANNALIUM
627 373 649 422 1.
660 375 764 422 4449.
954 375 987 424 29

190 487 242 543 mul
257 484 462 542 adolescentibus
477 489 627 541 exossatum
644 485 758 557 quedam
770 486 802 541 nd
817 488 916 558 putrem
930 485 987 558 reji-

184 569 253 632 ‘oera
273 565 475 634 resistentesque
493 563 644 618 Germanico
661 568 707 619 eut
727 564 814 619 Dnrso
833 581 987 635 possesse

188 643 303 714 mitigeri
319 641 362 695 vel
378 640 498 712 infringi:
523 641 592 712 quod
609 641 678 696 eliud
698 641 847 706 subsidium,
867 641 890 696 si
909 640 987 712 impe

187 726 301 776 retorem
319 718 497 790 sprevissent?
518 718 641 774 Ceterum
657 722 688 774 ut
704 719 757 791 jam
774 719 877 791 jamque
893 718 1008 785 itemst

187 799 252 871 legit
264 797 379 862 comites,
393 796 546 867 conquisivit
557 795 745 868 impedimenta,
753 796 885 852 adornavit
896 815 986 852 naves:

188 896 249 932 mox
269 877 380 932 hiemem
400 883 446 930 sut
465 875 570 947 negotis
592 876 661 931 varie
682 884 802 931 causatus
824 876 907 947 primo
926 894 987 948 pru·

187 955 288 1020 dantes,
301 953 362 1008 dein
373 953 485 1024 vulgum,
499 953 642 1008 diutissime
652 953 796 1025 provincias
806 953 905 1009 fefellit.

222 1035 262 1088 At
275 1031 450 1095 Germanicus,
463 1048 608 1102 quanquam
622 1036 754 1086 contrecto
765 1031 881 1086 exercitu
900 1034 928 1086 et
944 1047 987 1102 pa·
993 1027 1033 1082 48

186 1115 245 1166 rata
256 1110 286 1165 in
297 1109 439 1164 defectores
451 1109 556 1174 uitione,
568 1107 680 1164 dandum
692 1107 775 1164 mhue
787 1108 897 1180 spatium
906 1115 986 1174 ratus,

187 1190 210 1244 ri
227 1187 329 1244 reoenti
346 1185 461 1258 exemplo
479 1185 594 1258 sibiipsi
611 1186 781 1252 somniarent,
798 1186 932 1258 premittit
946 1186 987 1241 lit-

186 1271 258 1322 teras
271 1264 305 1320 ad
320 1264 454 1330 Careinam,
467 1265 553 1319 venire
565 1281 593 1319 se
610 1263 695 1319 valida
711 1283 789 1318 manu
805 1282 842 1330 ae,
854 1264 882 1318 m'
893 1263 987 1335 suppli·

186 1345 257 1400 aium
269 1342 298 1398 in
306 1341 386 1396 maios
397 1345 560 1412 praesument,
570 1359 678 1396 usurum
687 1341 814 1413 promisee
824 1341 900 1396 eade.
935 1342 1010 1396 nost

187 1421 292 1477 Caeoins
308 1417 448 1490 aquiliferis
466 1418 652 1491 signiferisque,
674 1425 702 1474 et
719 1418 789 1490 qnod
808 1419 917 1473 maxime
935 1437 988 1474 aas

185 1504 289 1555 trorum
301 1497 428 1553 smeerunr
439 1501 503 1562 eret,
516 1496 616 1552 occulte
627 1496 726 1562 recitet,
739 1503 821 1568 utque
832 1502 939 1552 amatos
950 1497 988 1552 in·

186 1577 280 1642 inmiae,
293 1594 323 1632 se
339 1576 410 1648 ipsos
424 1575 507 1642 morti,
520 1575 632 1630 eximent
648 1574 782 1630 hortatur:
806 1593 865 1629 num
882 1575 910 1629 in
926 1593 988 1646 paee

186 1673 279 1710 eausas
288 1658 316 1709 et
325 1653 418 1708 merita
426 1652 548 1722 specteri3
566 1651 713 1708 ubibellum
721 1651 832 1721 ingruat,
841 1651 988 1707 innoeentes

186 1752 217 1790 ae
244 1732 337 1789 noxios
358 1731 434 1805 juxta
457 1730 554 1787 audere.
590 1730 633 1787 Illi
660 1729 767 1786 tentatis
794 1748 859 1801 quos
884 1729 1010 1787 idoneost

185 1812 319 1876 rebantur,
333 1815 468 1883 postquam
479 1810 600 1881 majorem
615 1808 744 1882 legionum
755 1814 854 1880 partem
869 1808 897 1863 in
907 1808 988 1863 officio

186 1890 285 1955 vident,
299 1888 332 1943 da
343 1887 471 1943 sententie
486 1886 564 1959 legati
580 1891 701 1941 statuunt
715 1890 825 1957 tempus,
839 1904 889 1957 quo
904 1886 988 1941 fodis·

186 1969 283 2024 simum
296 1983 423 2037 quemque
434 1968 462 2019 et
478 1964 597 2019 seditioni
614 1968 762 2035 promptum
777 1964 845 2018 ferro
857 1963 986 2019 invadant

186 2046 263 2101 'Iime
275 2045 350 2116 signo
366 2043 434 2099 iuter
451 2040 552 2097 sedato
567 2041 713 2112 irrumpunt
725 2040 897 2105 oontubernia,
910 2040 1010 2096 trusi-4

185 2123 253 2179 dant
273 2122 384 2195 igneum,
404 2119 475 2175 nullo
492 2118 542 2175 uisi
559 2118 668 2174 consciis
686 2123 808 2175 nossente
826 2118 895 2189 quod
912 2118 987 2174 euos

186 2201 300 2266 initium,
314 2199 371 2271 quis
383 2198 449 2253 finis.

223 2278 335 2333 Diversa
351 2276 471 2341 omnium,
485 2292 542 2347 que
557 2292 670 2347 unquam
685 2273 807 2339 arridere,
823 2272 935 2329 erilium
949 2278 1033 2333 ser-49

185 2374 290 2412 morum
300 2354 386 2409 iacies.
423 2353 485 2409 Non
499 2352 593 2425 praelio,
610 2370 664 2408 nou
678 2351 791 2407 adversis
803 2370 818 2406 e
829 2351 929 2417 eastris,
942 2351 1010 2409 sedt

184 2434 271 2490 isdem
282 2450 297 2488 e
309 2430 442 2497 eubilibus,
453 2449 517 2503 qnos
529 2430 605 2485 simul
613 2434 747 2486 vescentes
758 2429 820 2495 dies,
831 2428 907 2484 simul
918 2429 988 2500 qnie-

184 2517 229 2567 tos
251 2529 305 2566 nox
324 2509 456 2575 habuerat,
474 2507 610 2564 denudum
627 2508 656 2563 in
672 2510 767 2579 partes,
789 2508 911 2579 ingerunt
926 2507 987 2563 tela

186 2590 299 2654 Clausen,
312 2586 425 2653 volume,
443 2585 548 2658 sanguis
561 2584 653 2657 palem,
672 2603 750 2643 eausa
766 2585 795 2640 in
813 2584 930 2650 ocemto3
948 2584 988 2640 ee

185 2666 314 2723 tersione
329 2665 405 2737 regit.
439 2664 476 2720 Et
496 2662 599 2735 qnidam
617 2662 742 2718 bonorum
758 2664 826 2729 eeu,
843 2667 1009 2734 postquamst

186 2746 320 2803 intellecto
330 2745 433 2817 inques
445 2744 585 2812 saeviretur,
593 2743 698 2814 pessimi
706 2762 807 2815 quoque
818 2761 889 2798 mma
899 2760 987 2813 rapue-

187 2830 254 2881 runt.
291 2824 385 2895 Neque
405 2823 505 2895 legatus
526 2826 571 2877 aut
589 2822 709 2877 tribunus
724 2820 869 2875 moderator
886 2819 986 2874 adsuit:

188 2902 313 2973 permissa
329 2901 407 2973 vulgo
425 2901 528 2957 lieentia
545 2905 622 2971 atque
640 2899 706 2954 ultio
723 2903 751 2953 et
768 2897 881 2951 satietas.
921 2896 1010 2949 Moxt

189 2980 321 3053 ingressus
336 2984 421 3037 eastra
436 2978 610 3043 Germanicus,
623 2994 676 3031 non
690 2974 840 3031 medisinam
855 2970 920 3027 illud
933 2970 987 3040 piu-
