2550 3500
280 374 335 421 ·162
621 371 741 419 nncffl

914 432 950 481 [Δ.
960 431 988 471 n.
996 433 1020 470 c.
1031 431 1081 473 tta.

267 493 375 539 asomno
387 488 414 539 et
425 484 484 538 vino
493 481 664 554 procumbere.
692 482 778 553 Igitur
786 481 873 537 hostes
883 481 980 536 incuria
988 500 1083 535 eorum

288 565 416 632 comperta
440 561 490 615 duo
514 560 615 632 agmina
631 564 731 629 parant,
749 578 857 629 quorum
874 559 954 613 altero
972 559 1082 629 popula-

286 644 356 693 tores
380 638 566 702 invaderentur,
586 636 628 690 alii
651 640 735 690 castra
752 637 867 691 Romana
884 641 1061 708 appugnareut
1070 659 1080 702 3

286 734 338 771 non
350 734 394 787 spe
407 714 528 787 capiendi,
540 713 585 769 sed
596 717 626 767 ut
643 714 758 780 clamore,
776 715 843 779 telis,
856 733 902 768 suo
915 715 1022 785 quisque
1035 732 1082 785 pe·

287 793 367 848 riculo
384 793 500 848 intentus
519 810 635 847 sonorem
653 791 757 846 alterius
774 791 856 862 proelii
872 810 925 845 non
941 791 1080 861 acciperet.

287 870 408 925 Tenebrae
431 871 534 941 insuper
557 869 661 924 delectae
687 869 827 939 augendam
852 868 885 922 ad
907 868 1080 923 formidinem.

266 948 340 1002 used
363 948 407 1020 qui
423 948 517 1003 vallum
534 946 662 1019 legionum
679 945 820 1012 tentabant,
838 945 912 1000 facile
928 945 1080 1016 pelluntur3

287 1026 413 1079 Thracum
437 1024 530 1079 auxilia
546 1025 679 1095 repentino
697 1023 802 1077 incursu
819 1023 917 1090 territa,
935 1041 994 1077 curn
1017 1040 1081 1093 pars

287 1102 469 1157 munitionibus
482 1102 633 1173 adjacerent,
647 1101 731 1171 plures
748 1103 821 1155 extra
836 1099 989 1170 palarentur,
1001 1103 1081 1154 tanto
1144 1141 1145 1166 ,

287 1178 411 1233 infensius
424 1178 482 1234 caesi
494 1182 589 1249 quanto
599 1179 714 1249 periugae
726 1180 753 1231 et
766 1175 909 1247 proditores
921 1177 988 1231 ferre
1006 1195 1081 1231 arma
1144 1191 1145 1216 l

208 1295 210 1299 -
244 1266 280 1319 49
289 1256 321 1310 ad
340 1275 414 1311 suurn
434 1256 572 1327 petriaeque
596 1256 728 1310 servitium
744 1254 933 1309 incusabantur.
967 1255 1081 1309 Postera

288 1333 329 1389 die
347 1334 455 1389 Sabinus
472 1334 611 1388 exercitum
628 1350 701 1403 aequo
716 1332 772 1385 loco
790 1331 909 1396 ostendit,
929 1331 952 1386 si
967 1331 1079 1397 barbari,

266 1420 407 1466 2successu
429 1412 511 1467 noctis
533 1410 634 1475 alacres,
654 1409 769 1480 proelium
788 1408 917 1463 auderent.
953 1409 988 1463 Et
1007 1413 1081 1479 post·

289 1508 363 1560 quam
379 1488 482 1544 castello
494 1492 539 1543 aut
551 1487 694 1559 conjunctis
710 1486 815 1540 tumulis
831 1505 883 1540 non
899 1485 1081 1557 degrediebau-

288 1570 338 1632 tur,
357 1566 483 1622 obsidium
499 1566 574 1637 coepit
592 1584 637 1635 per
654 1564 777 1635 praesidia,
795 1582 851 1634 quae
865 1568 1007 1634 opportune
1022 1564 1080 1635 jam

288 1643 417 1699 muniebat
428 1662 436 1709 ;
454 1642 512 1698 dein
523 1643 617 1697 fossam
632 1642 785 1711 loricamque
797 1644 941 1705 contexens,
955 1644 1081 1711 quattuor

287 1721 365 1776 millia
377 1740 497 1792 passuum
508 1720 606 1776 ambitu
617 1718 746 1790 amplexus
759 1722 798 1774 est
811 1738 818 1784 ;
835 1720 890 1772 tum
902 1717 1033 1789 paulatim,
1046 1723 1081 1775 ut

288 1817 379 1869 aquam
394 1798 563 1869 pabulumque
575 1797 691 1868 eriperet,
709 1797 856 1851 contrahere
868 1796 979 1851 claustra
996 1806 1082 1851 arcta·

288 1894 337 1946 que
360 1875 529 1941 circumdare;
564 1879 591 1929 et
620 1874 766 1928 struebatur
795 1892 880 1945 agger,
909 1872 978 1927 unde
1006 1892 1079 1939 saxa,

287 1953 375 2017 hastae,
398 1953 470 2023 ignes
491 1952 660 2023 propinquum
681 1951 734 2022 jam
754 1951 783 2005 in
802 1951 900 2006 hostem
921 1950 1080 2020 jacerentur.

266 2030 339 2086 ssed
350 2030 412 2084 nihil
424 2047 494 2101 aeque
512 2047 588 2101 quam
599 2029 656 2083 sitis
672 2028 804 2100 fatigabat,
816 2047 874 2083 curn
885 2028 975 2099 ingens
991 2028 1081 2084 multi-

1142 1447 1146 1706 l

287 2108 350 2163 tudo
361 2107 510 2163 bellatorum
522 2106 659 2161 imbellium
672 2124 724 2160 uno
741 2105 838 2176 reliquo
849 2105 921 2159 fonte
932 2110 1080 2162 uterentur.
1143 2136 1144 2143 κ

265 2185 417 2256 48ἰωιι1ῳιθ
431 2188 551 2249 armenta,
565 2185 595 2238 ut
607 2202 661 2238 mos
673 2182 794 2248 barbaris,
812 2183 887 2253 juata
899 2182 992 2247 clausa,
1006 2201 1081 2253 eges·

288 2267 343 2318 tate
373 2262 459 2334 pabuli
489 2261 626 2316 exanimari
633 2283 641 2326 ;
670 2259 784 2331 adjacere
807 2277 913 2330 corpora
934 2259 1079 2325 hominum,

287 2358 350 2410 quos
362 2341 474 2405 vulnera,
488 2357 551 2411 quos
564 2338 619 2392 sitis
632 2341 789 2408 peremerat3
807 2336 886 2407 pollui
897 2340 990 2391 cuncta
998 2337 1081 2405 sanie,
1143 2354 1144 2387 3

265 2416 371 2482 todore,
385 2423 513 2472 contactu.
549 2415 688 2485 Rebusque
699 2413 810 2469 turbatis
822 2414 917 2468 malum
934 2417 1080 2468 extremum

287 2493 411 2549 discordia
426 2494 539 2559 accessit,
556 2493 596 2548 his
613 2492 774 2555 deditionem,
788 2490 842 2544 aliis
858 2493 966 2546 mortem
978 2497 1005 2545 et
1022 2510 1080 2545 mu-

264 2574 345 2627 6tuos
357 2572 425 2626 inter
437 2590 464 2625 se
480 2571 554 2635 ictus,
567 2568 722 2641 parantibus.
758 2568 794 2622 Et
806 2572 878 2622 eraut
891 2568 934 2639 qui
949 2586 1003 2622 non
1012 2567 1082 2622 inul-

286 2653 342 2702 tum
354 2648 460 2702 exitium
473 2647 518 2702 sed
529 2647 688 2716 eruptionem
698 2644 841 2710 suaderent,
849 2664 932 2716 neque
943 2644 1080 2716 ignobiles,

244 2728 401 2798 50quamris
422 2724 515 2778 diversi
538 2723 679 2778 sententiis.
715 2722 813 2776 Verum
833 2721 973 2778 edacibus
992 2722 1082 2788 Dinis,

286 2806 421 2875 provectus
439 2804 541 2856 senecta
556 2803 583 2854 et
600 2800 676 2869 longo
691 2817 741 2852 usu
758 2799 810 2853 vim
826 2804 902 2869 atque
918 2798 1082 2853 clementiam

285 2883 427 2936 Romanam
448 2877 561 2944 edoctus,
585 2875 702 2946 ponenda
723 2895 800 2942 arma,
824 2896 904 2930 unum
927 2875 1027 2930 afflictis
1051 2877 1081 2931 id

285 2959 431 3024 remedium,
456 2954 611 3020 disserebat;
630 2955 777 3026 primusque
796 2973 824 3010 se
844 2972 903 3009 cum
921 2953 1032 3025 conjuge
1051 2958 1081 3008 et
