2550 3500
175 387 203 426 Α.
214 386 241 424 D.
253 383 284 431 ²7,
295 384 339 433 ΞΜ
395 320 591 371 ANNALIUM
609 323 653 371 IV,
665 324 768 373 67-70.
932 324 978 375 173

175 435 306 506 tingebat,
320 438 430 489 strueret
443 434 537 503 dolum,
551 435 629 490 ceteri
644 438 725 489 testes
742 435 867 499 adessent,
886 433 977 489 deinde

176 512 369 567 accusationem
392 512 541 582 inciperent.
578 513 664 584 Igitur
686 512 798 566 Latiaris
820 512 903 581 jacere
928 512 1000 565 for-4

140 611 143 626 .
175 590 261 643 tuitos
286 588 397 659 primum
420 607 556 653 sermones,
581 608 642 643 mon
664 589 766 643 laudare
796 589 973 653 constantiam,

177 665 248 737 quod
266 684 327 729 non,
346 669 376 719 ut
395 666 480 730 ceteri,
499 666 613 720 florentis
632 666 721 720 domus
740 666 844 732 amicus,
862 666 978 719 afflictam

177 742 356 808 deseruisset;
375 742 451 796 simul
466 742 563 795 honora
582 742 613 797 de
635 743 792 807 Germanico,
811 742 977 813 Agrippinam

176 820 313 884 miserans,
336 818 484 873 disserebat.
520 819 556 873 Et
574 822 709 890 postquam
729 820 844 884 Sabinus,
865 824 895 873 ut
916 822 999 873 sunto

177 896 269 951 molles
282 896 310 949 in
322 895 465 949 calamitate
481 895 626 950 mortalium
646 897 730 961 animi,
749 897 839 950 effudit
854 896 978 964 lacrimas,

177 974 267 1044 junxit
291 976 416 1043 questus;
435 971 569 1026 audentius
585 973 636 1044 jam
657 978 745 1027 onerat
761 974 888 1042 Sejanum,
908 973 978 1026 saevi-

179 1051 251 1115 tiam,
273 1049 425 1121 superbiam,
444 1068 502 1121 spes
520 1050 583 1121 ejus.
620 1050 663 1105 Ne
685 1051 713 1105 in
729 1049 858 1104 Tiberium
876 1049 1000 1120 quidemt

180 1127 298 1181 convicio
329 1126 447 1181 abstinet.
495 1127 569 1197 lique
593 1146 729 1192 sermones,
753 1130 874 1198 tanquam
898 1128 978 1181 vetita

180 1205 356 1270 miscuissent,
376 1204 484 1274 speciem
504 1208 580 1258 arctae
602 1204 720 1259 amictiae
739 1203 830 1258 fecere.
865 1206 905 1258 Ac
923 1204 999 1274 jaml

180 1281 252 1335 ultro
279 1280 387 1335 Sabinus
412 1298 524 1350 quaerere
547 1280 685 1346 Latiarem,
710 1281 836 1335 ventitare
865 1280 976 1344 domum,

182 1360 285 1415 dolores
302 1377 362 1413 suos
379 1359 451 1429 quasi
468 1358 500 1413 ad
517 1358 667 1413 fidissimum
682 1358 787 1413 deferre.
824 1358 977 1413 Consultant
985 1360 1023 1416 69

182 1456 249 1508 quos
262 1436 407 1501 memoravi,
425 1430 534 1507 quonam
549 1436 623 1491 modo
640 1456 671 1491 ea
687 1437 798 1507 plurium
814 1435 904 1489 auditu
915 1436 978 1490 acci-

182 1516 316 1585 perentur.
352 1513 420 1567 Nam
431 1512 487 1567 loco
502 1512 529 1566 in
546 1532 622 1583 quem
638 1514 762 1577 coibatur,
781 1511 904 1567 servanda
920 1512 1002 1566 soli-2

183 1590 285 1645 tudinis
296 1589 390 1655 facies3
410 1592 436 1643 et
448 1590 470 1643 si
482 1607 547 1659 poue
559 1590 626 1645 fores
639 1590 794 1657 assisterent,
803 1593 887 1643 metus
899 1589 976 1654 risus,

185 1667 296 1731 sonitus,
310 1666 760 1737 autforteortaesuspicioniaerant.
796 1666 903 1721 Tectum
911 1666 1000 1723 intera

186 1749 214 1799 et
235 1742 364 1814 laquearia
381 1746 435 1798 tres
456 1748 593 1810 senatores,
611 1743 681 1800 haud
695 1744 780 1800 minus
796 1744 867 1815 turpi
882 1743 980 1799 latebra

187 1839 265 1893 quam
278 1819 428 1875 detestanda
438 1820 534 1886 fraude,
554 1839 609 1876 sese
626 1821 798 1888 abstrudunt;
815 1821 979 1876 foraminibus

187 1904 216 1954 et
233 1897 302 1952 rimis
321 1916 407 1952 aurem
423 1896 565 1952 admovent.
601 1899 706 1954 Interea
722 1899 833 1954 Latiaris
849 1904 1001 1970 repertum

187 1976 217 2031 in
236 1973 336 2046 publico
358 1974 485 2040 Sabinum,
507 1975 577 2029 velut
597 1994 686 2031 recens
705 1976 808 2047 cognita
822 1980 978 2040 narratums,

188 2053 294 2107 domum
305 2055 332 2106 et
343 2052 371 2106 in
382 2051 525 2106 cubiculum
537 2053 632 2120 trahit;
650 2054 831 2124 preteritaque
842 2059 869 2106 et
884 2053 980 2106 instan-

188 2131 235 2197 tia,
257 2147 363 2200 qnorum
380 2129 475 2183 affatim
493 2129 571 2200 copia,
591 2148 621 2184 ac
634 2149 715 2185 novos
733 2135 843 2184 terrores
859 2129 979 2184 cumulat.

188 2208 287 2264 Eadem
299 2208 341 2263 ille
353 2211 380 2263 et
392 2207 488 2262 diutius
500 2227 507 2272 ;
528 2212 622 2278 quanto
634 2213 730 2275 mesta,
742 2208 788 2263 ubi
799 2207 877 2262 semel
893 2225 981 2278 proru-

188 2304 259 2358 pere,
279 2285 403 2340 difficilius
422 2285 569 2340 reticentur.
605 2286 747 2357 Properata
766 2284 825 2339 inde
845 2284 1003 2349 accusatiqt

188 2362 325 2432 missisque
337 2361 369 2416 ad
381 2362 505 2416 Cesarem
517 2362 610 2416 litteris
624 2362 738 2417 ordinem
749 2361 845 2416 fraudis
858 2380 983 2433 suumque

188 2439 240 2510 ipsi
264 2437 373 2494 dedecus
395 2457 536 2494 narravere.
582 2440 645 2494 Non
669 2440 730 2494 alias
753 2439 835 2510 magis
858 2440 934 2493 anxia
956 2444 1004 2494 et6

188 2535 285 2590 pavens
302 2516 430 2583 civitas,†
447 2535 524 2588 egens
543 2518 668 2586 (eliomf)
688 2516 823 2571 adversum
838 2517 983 2588 proximos:

189 2611 351 2666 congressus,
381 2592 511 2664 colloquia,
536 2597 604 2649 notar
626 2595 772 2666 ignotasque
795 2612 868 2648 aures
891 2594 983 2659 vitari3

190 2672 268 2727 etiam
280 2675 353 2725 muta
368 2673 445 2741 atque
462 2671 579 2740 inanima,
593 2675 692 2727 tectum
710 2675 737 2726 et
753 2673 863 2744 parietes
880 2671 985 2726 circum-

190 2748 382 2820 spectabantur.
427 2747 478 2802 Sed
499 2749 591 2814 Caesar,
612 2748 735 2804 sollennia
757 2748 902 2820 incipientis
926 2741 1029 2800 anni70

191 2827 303 2884 calendis
321 2827 339 2882 J
339 2827 449 2882 anuariis
462 2827 568 2900 epistola
585 2833 712 2900 precatus,
724 2830 803 2884 vertit
814 2829 842 2883 in
857 2827 985 2890 Sabinum,

192 2911 326 2976 corruptos
348 2904 470 2977 quosdam
491 2905 638 2962 libertorum
656 2911 683 2962 et
699 2906 808 2978 petitum
826 2923 854 2959 se
869 2919 986 2973 arguens,
