2550 3500
296 388 343 436 826
630 387 751 435 TACITl

875 448 1089 496 [aeeclesia

294 503 348 555 tem
369 501 414 554 eut
432 516 519 554 sexum
541 514 570 552 ac
586 496 753 567 plurimorum
770 497 899 553 indubiam
915 500 1090 553 innocentiam

274 576 476 634 miserantium.
512 574 649 629 Praevaluit
672 578 759 630 tamen
781 594 840 647 pars
858 594 915 647 quae
933 575 1092 646 supplicium
1135 576 1136 587 ¹

296 654 453 709 decernebat.
490 651 541 706 Sed
556 651 725 721 obtemperari
742 670 793 707 nou
809 655 918 723 poterat,
936 652 1092 723 conglobata

275 730 459 789 ammtitudine
482 732 509 783 et
533 746 594 782 saxa
617 746 647 782 ac
670 728 738 783 faces
761 729 814 783 min
847 732 881 783 te.
917 728 983 783 Tum
1005 730 1092 783 Caesar
1135 736 1136 741 ’

295 806 417 878 populum
429 805 512 861 edicto
529 804 663 875 increpuit,
677 808 753 876 atque
765 823 838 860 omne
850 806 900 860 iter
912 824 962 877 quo
975 804 1092 860 damnati

295 883 329 938 ad
352 902 451 954 poenam
474 880 638 947 ducebantur,
662 880 813 937 militaribus
837 881 961 953 presidiis
992 884 1090 953 saepsit.
1136 948 1137 951 Ἴ

274 961 437 1017 lOensuerat
455 958 593 1030 Cingonius
608 958 692 1013 Varro
708 963 738 1013 ut
751 958 837 1013 liberti
855 977 962 1031 quoque,
981 960 1027 1029 qui
1042 959 1091 1014 sub
1136 954 1137 1041 l

296 1037 384 1093 eodem
395 1040 465 1090 tecto
476 1036 593 1100 fuissent,
610 1034 688 1089 Italia
703 1034 905 1106 deportarentur.
942 1034 975 1090 Id
993 1054 1008 1089 a
1022 1036 1091 1106 prin·

296 1115 351 1184 cipe
362 1112 517 1184 prohibitum
528 1116 575 1177 est,
590 1131 623 1166 ne
639 1130 694 1167 mos
712 1112 840 1183 antiquus,
859 1130 935 1183 quem
950 1112 1090 1168 misericor-

296 1190 339 1245 dia
349 1208 402 1244 non
412 1190 546 1254 minuerat,
559 1207 605 1260 per
613 1188 736 1243 saevitiam
747 1188 930 1243 intenderetur.

251 1269 290 1324 46
331 1267 473 1321 Damnatus
493 1266 576 1321 isdem
594 1265 740 1321 consulibus
756 1265 904 1336 Tarquitius
919 1264 1032 1331 Priscus,
1051 1284 1090 1321 re·

296 1344 466 1417 petendarum
482 1343 602 1415 Bithynis
619 1342 854 1414 interrogantibus5
877 1360 969 1415 magno
987 1348 1089 1413 patrum

297 1421 397 1495 gaudio,
417 1421 460 1493 qni
478 1424 624 1476 accusatum
642 1419 674 1475 ab
694 1436 725 1474 eo
743 1420 875 1475 Statilium
892 1419 1004 1475 Taurum
1029 1438 1088 1491 pro-

276 1499 426 1559 nconsulem
436 1498 517 1569 ipsius
534 1497 708 1552 meminerant.
746 1496 843 1551 Census
860 1515 905 1567 per
918 1496 1013 1551 Gallias
1026 1516 1042 1551 a
1054 1498 1087 1556 Q.

297 1576 405 1631 Volusio
423 1580 450 1630 et
463 1574 552 1630 Sextio
569 1574 690 1628 Africano
711 1573 886 1645 Trebellioque
904 1572 1020 1629 Maximo
1038 1574 1089 1628 acti

298 1657 366 1718 suut,
388 1652 486 1707 aemulis
504 1652 573 1706 inter
593 1668 686 1720 seper
705 1649 863 1705 nobilitatem
880 1649 989 1705 Volusio
1013 1654 1088 1721 atque

298 1730 434 1785 Aidcano:
459 1728 612 1784 Trebellium
629 1726 691 1784 dum
707 1730 816 1799 uterque
834 1726 993 1800 dedignatur,
1013 1744 1089 1800 supra

300 1807 390 1862 tulere.

253 1891 291 1949 47
333 1883 372 1938 Ilo
391 1899 457 1936 anuo
475 1885 583 1937 mortem
602 1881 666 1936 obiit
682 1881 820 1937 Memmius
837 1881 962 1953 Regulus,
980 1883 1090 1937 auctori·
1138 1887 1139 1964 l

299 1964 361 2026 tate,
380 1959 529 2023 constantia,
548 1958 622 2023 fama,
642 1958 669 2012 in
690 1963 813 2029 quantum
832 1958 1020 2028 proeumbraute
1042 1959 1089 2014 im·

299 2036 422 2110 peratoris
441 2036 544 2108 fastigio
563 2035 646 2100 datur,
666 2035 766 2102 clems;
790 2035 853 2090 adeo
876 2039 907 2090 ut
927 2035 999 2091 Nero
1023 2053 1090 2106 aeger

299 2113 450 2178 valetudine,
471 2117 498 2168 et
519 2111 681 2168 adulantibus
702 2112 796 2167 circum
820 2111 864 2183 qui
886 2112 963 2168 finem
983 2113 1089 2183 imperio

299 2191 387 2246 adesse
411 2189 536 2254 dicebant,
560 2189 584 2244 si
607 2187 669 2260 quid
691 2188 745 2243 lato
766 2191 904 2260 pateretur,
928 2188 1089 2259 responderit

299 2268 392 2322 babere
413 2267 554 2322 subsidium
569 2264 771 2336 rempublicam,
788 2265 937 2337 rogantibus
955 2265 1047 2320 dehinc
1063 2266 1090 2320 in

278 2358 350 2414 aquo
369 2344 535 2415 potissimum,
548 2341 672 2396 addiderit
686 2341 713 2396 iu
729 2341 851 2396 Memmio
869 2342 978 2414 Regulo.
1014 2343 1089 2398 Vixit

299 2425 386 2475 maren
396 2424 454 2491 post
466 2421 520 2475 haec
532 2419 656 2491 Regulus,
670 2418 755 2490 quiete
767 2418 895 2485 defensus,
908 2423 935 2474 et
947 2418 1008 2490 quia
1024 2437 1090 2475 nova

278 2497 400 2570 ageneris
411 2497 561 2552 claritudine
575 2514 658 2568 neque
669 2495 799 2550 invidiosis
812 2496 902 2567 opibus
914 2500 977 2551 erat.
1015 2497 1090 2568 Gym-

300 2574 399 2629 nasium
422 2591 453 2628 eo
476 2591 542 2628 anno
566 2573 710 2628 dedicatum
734 2590 749 2627 a
773 2572 884 2640 Nerone,
905 2573 1089 2647 praebitumque

300 2652 383 2707 oleum
396 2650 476 2720 equiti
488 2667 518 2705 ac
529 2650 629 2704 senatui
642 2649 730 2704 Graeca
741 2649 871 2705 facilitate.

256 2737 294 2790 48
336 2729 366 2783 P.
379 2727 471 2792 Mario,
495 2727 527 2781 Ia
540 2726 628 2780 Asinio
658 2726 812 2793 consulibus,
834 2726 964 2782 Antistius
987 2731 1088 2798 praetor,

225 2816 376 2898 *ffl'quem
400 2805 428 2858 in
450 2803 584 2858 tribunatu
606 2801 686 2874 plebis
709 2802 816 2858 licenter
839 2804 921 2875 egisse
944 2805 1088 2869 memoravi,

236 2887 287 2948 „J
302 2882 423 2953 probrosa
434 2880 554 2935 adversus
572 2879 711 2950 principem
727 2881 838 2935 earmina
854 2881 989 2945 factitavit,
1002 2881 1090 2952 vulga-

246 2956 278 2997 ⁶2
302 2959 389 3027 vitque
404 2956 497 3013 celebri
514 2955 637 3022 consido,
657 2954 718 3010 dum
734 2957 802 3025 apud
814 2957 944 3013 Ostorium
956 2957 1089 3031 Scapulam
