2550 3500
312 360 360 407 338
651 356 771 405 TACITI

938 419 972 468 [A.
984 418 1011 458 U.
1022 419 1045 459 0.
1056 419 1100 459 815.

311 486 487 541 armorumque
498 467 641 523 laciendum
652 472 796 535 certamem
814 467 841 523 id
852 469 880 523 in
891 469 1102 523 summaiortuna

311 548 408 619 sequius
422 547 490 619 quod
506 546 630 612 validius3
650 551 676 601 et
692 566 739 601 sua
755 546 865 601 retinere
880 546 985 617 privatae
999 546 1101 612 domus,

285 626 343 685 2de
362 625 449 681 alienis
468 627 564 679 certare
584 624 681 695 regiam
701 623 801 679 laudem
824 642 888 679 esse.
923 623 1010 695 Igitur
1034 642 1103 679 oom-

310 709 395 758 motns
407 703 447 757 his
458 702 598 773 Vologeses
610 701 744 757 concilium
756 705 838 769 vocat,
851 705 877 755 et
889 701 1032 773 proximum
1052 700 1103 755 sibi

310 780 441 837 'liridaten
457 779 599 847 constituit,
616 782 693 850 atque
711 779 749 833 ita
771 779 870 833 orditur
880 778 1027 833 :-“Huno
1052 796 1102 847 ego

310 858 399 913 eodem
418 874 517 912 meeum
535 860 608 927 patre
628 856 751 928 genitum,
773 874 831 911 eum
849 856 912 910 mihi
931 874 977 925 per
996 858 1103 909 aetatem

310 952 408 989 smumo
419 934 521 988 nomine
532 934 705 999 oonoessisset,
724 933 753 988 iu
769 934 953 1004 possessionem
970 932 1102 987 Armeniae

310 1011 411 1077 deduxi,
424 1010 469 1082 qui
479 1010 572 1065 tertius
584 1010 705 1082 potentiae
716 1010 809 1082 gradus
827 1010 950 1066 habetur:
968 1028 1027 1063 nam
1042 1009 1103 1065 Me-
1139 1018 1140 1105 q

286 1089 356 1151 ados
368 1089 481 1143 Pacorus
493 1091 553 1143 ante
570 1091 680 1159 ceperat.
716 1087 886 1159 videbarque,
901 1090 994 1143 eontra
1011 1090 1102 1142 vetera

309 1167 418 1220 fratrum
429 1165 488 1220 odia
498 1169 526 1221 et
537 1166 682 1231 certamina,
701 1164 802 1220 familia
818 1168 913 1219 nostra
929 1166 1035 1235 penates
1050 1163 1101 1217 rite

287 1242 488 1314 toomposuisse.
524 1242 665 1297 Prohibent
685 1242 802 1307 Romani,
821 1244 849 1296 et
866 1258 954 1312 paoem
969 1258 1101 1311 nunquam

309 1321 372 1391 ipsis
383 1337 504 1391 prospere
514 1318 658 1374 lacessitam
669 1337 737 1373 nuno
749 1336 850 1389 quoque
861 1318 890 1373 iu
901 1317 1008 1373 exitium
1024 1335 1100 1371 suum

310 1397 471 1468 abrumpunt.
507 1396 618 1452 Nonibo
626 1396 739 1451 inficias:
753 1396 874 1467 aequitate
884 1413 958 1467 quam
968 1394 1100 1465 sanguine,
1139 1442 1140 1445 ,

309 1493 387 1530 eausa
398 1493 474 1546 quam
485 1473 568 1538 armis,
581 1473 691 1528 retinere
703 1476 776 1545 parta
791 1471 928 1544 majoribus
945 1470 1098 1525 malueram:

286 1554 333 1609 4si
352 1554 514 1609 cunctatione
531 1552 632 1623 deliqui,
651 1552 748 1607 virtute
765 1552 896 1624 oorrigem.
932 1551 1028 1605 Vestra
1046 1550 1099 1621 qui·
1139 1548 1140 1551 ’

309 1631 367 1686 dem
378 1632 417 1686 vis
429 1634 456 1686 et
468 1630 548 1701 gloria
559 1628 609 1699 †in
616 1630 718 1700 integro
727 1632 774 1695 est,
785 1628 871 1683 addita
881 1626 1013 1683 modestiae
1023 1626 1098 1695 fama,

309 1727 365 1780 quae
382 1726 464 1780 neque
482 1706 587 1762 summis
605 1706 749 1761 mortalium
765 1704 907 1778 spernenda
923 1708 964 1760 est
980 1708 1007 1760 et
1023 1722 1039 1758 a
1056 1704 1097 1759 dis

287 1786 475 1841 taestimaturss’
511 1784 593 1838 Simul
604 1783 745 1838 diademate
757 1787 833 1854 oaput
848 1781 968 1838 Tiridatis
985 1781 1097 1848 erinxit3

308 1867 451 1934 promptam
462 1861 577 1932 equitum
588 1879 698 1926 manum,
712 1879 768 1932 quea
786 1878 872 1932 regem
886 1878 918 1914 ex
933 1877 1004 1914 more
1020 1863 1098 1914 seete-

308 1945 360 2005 tur,
376 1938 476 1994 Monesi
492 1937 571 1992 nobili
587 1937 642 1992 viro
658 1937 770 2002 tradidit,
788 1936 893 2007 adjectis
909 1935 1098 1991 Adiabenorum
1139 1971 1140 2024 p

309 2017 425 2083 auxiliis3
454 2013 633 2085 mandavitque
656 2015 783 2087 Tigranen
811 2014 932 2068 Armenia
960 2013 1098 2081 exturbari,

308 2094 370 2150 dum
392 2094 448 2165 ipse
470 2092 561 2164 positis
584 2091 706 2147 adversus
725 2093 859 2164 Hyrcanos
880 2090 1013 2146 discordiis
1032 2091 1098 2146 vires

308 2172 410 2228 intimas
429 2169 571 2240 molemque
590 2168 653 2224 belli
673 2169 731 2235 ciet,
753 2167 888 2240 provinciis
909 2167 1033 2223 Romanis
1055 2168 1099 2222 mi·
1139 2233 1140 2244 γ

284 2249 401 2304 3nitaus.
437 2247 504 2307 Quae
515 2247 560 2302 ubi
572 2245 711 2302 Corbuloni
723 2245 800 2301 certis
811 2245 909 2300 nuntiis
924 2245 1012 2300 audita
1030 2249 1098 2314 sunt,
1139 2249 1140 2252 ’

308 2326 419 2396 legiones
439 2325 503 2380 duas
518 2343 577 2380 oum
592 2324 722 2378 Verulano
741 2323 834 2378 Severo
850 2326 877 2378 et
896 2321 985 2376 Vettio
1001 2321 1098 2377 Bolano

308 2403 449 2458 subsidium
465 2401 570 2474 'ligram
587 2401 688 2466 mittit3
706 2400 806 2456 ooeulto
822 2402 957 2471 praeopto,
976 2400 1098 2471 composi·

307 2479 360 2534 tius
372 2483 465 2536 cuneta
481 2497 557 2550 quam
571 2477 736 2533 festinantius
752 2479 874 2548 agerent:
893 2475 986 2546 quippe
1004 2475 1098 2539 bellum

287 2557 400 2613 thabere
423 2576 499 2629 quam
519 2574 608 2629 gerere
630 2555 748 2610 malebat.
786 2555 977 2625 scripseratque
1002 2553 1097 2610 Caesari

306 2634 409 2707 proprio
432 2634 497 2689 duee
520 2652 585 2705 opus
608 2651 672 2698 esse,
699 2632 743 2704 qui
765 2631 912 2686 Ameriam
932 2630 1096 2687 defenderet:
1139 2651 1140 2700 q

308 2712 406 2783 Syriam
425 2711 560 2781 ingruente
573 2710 701 2783 Vologese
718 2708 813 2764 aorime
828 2708 857 2763 in
871 2707 1016 2764 discrimine
1034 2727 1096 2764 esse.
1139 2703 1140 2734 l

285 2792 394 2860 3Atque
416 2788 518 2843 interim
541 2787 651 2860 reliquas
675 2787 787 2858 legiones
810 2804 857 2857 pro
880 2785 936 2856 ripa
957 2785 1097 2856 Euphratis

306 2867 380 2932 looat,
396 2864 588 2920 tumultuariam
605 2863 797 2934 provincialium
813 2881 915 2918 manum
932 2865 1021 2926 armat,
1039 2862 1098 2917 bos-

283 2943 365 2998 4tiles
388 2943 519 3014 ingressus
542 2940 665 3012 presidiis
689 2940 826 3011 intercipit.
874 2939 910 2994 Et
934 2937 994 3010 quia
1017 2957 1098 3012 egena
