2550 3500
313 334 360 381 286
593 378 595 383 ,
649 331 769 381 TACITI

938 394 975 445 [a
982 395 1012 435 o.
1024 396 1049 436 o.
1060 396 1108 437 su.

241 442 365 500 noerius
377 443 495 510 Messala,
508 443 581 515 eujus
592 462 722 515 proavum,
738 445 865 499 oratorem
881 442 1032 511 Corvinum,
1046 446 1111 501 diuo

245 508 293 598 ἓξ
312 522 438 593 Augusto,
464 521 542 577 abavo
566 522 687 587 Neronis,
710 521 832 592 oollegam
850 520 879 575 in
896 539 927 575 eo
948 522 1111 593 magistratu

254 607 285 648 ta
312 598 390 654 fuisse
401 599 475 671 pauci
484 599 538 671 jam
549 618 638 655 senum
649 600 824 655 meminerant.
855 597 1110 656 Sednobilifamiliae

289 662 392 731 2honor
409 679 499 731 auctus
520 684 559 731 est
577 676 669 732 oblatis
686 677 715 732 in
732 675 844 748 singulos
861 693 940 731 annos
964 676 1107 749 quingenis

311 754 443 819 sertertiis,
463 752 554 824 quibus
572 754 685 809 Messala
700 756 876 825 paupertatem
893 753 1025 809 innoxiam
1049 774 1108 809 sus·

289 831 429 885 3tentaret.
464 830 570 887 Aurelio
588 849 688 901 quoque
706 830 790 885 Cottae
806 833 834 885 et
847 830 956 885 Haterio
967 832 1107 886 Antonino

310 926 418 962 annuam
430 907 561 978 peonnam
573 908 666 963 statuit
680 908 805 981 princeps,
818 908 932 979 quamvis
946 927 993 979 per
1009 908 1105 964 luxum

309 985 390 1041 avitas
402 1001 463 1055 opes
475 984 650 1056 dissipdssent.

286 1064 303 1111 4
343 1062 407 1133 Ejus
420 1061 479 1117 anni
489 1063 620 1135 principio,
631 1062 749 1117 mollibus
761 1062 843 1117 adhue
851 1062 931 1117 initiis
942 1061 1102 1133 prolatatum

308 1138 375 1194 inter
383 1140 492 1195 Parthos
501 1140 680 1211 Romanosque
693 1140 724 1195 de
733 1139 870 1195 obtinenda
875 1139 997 1194 Armenia
1002 1139 1101 1195 bellum

309 1216 400 1271 aeriter
417 1217 526 1272 sumitur
535 1240 543 1285 ;
562 1217 622 1289 quia
638 1235 686 1272 nee
704 1217 845 1288 Vologeses
868 1215 967 1271 sinebat
990 1216 1099 1272 fratrem

308 1292 438 1349 Tiridaten
454 1294 508 1349 dati
520 1313 535 1349 a
546 1313 574 1349 se
591 1294 665 1366 regni
682 1298 813 1365 expertem
830 1312 886 1349 esse
903 1298 948 1348 aut
964 1293 1056 1351 alienae
1073 1295 1098 1349 id

307 1372 427 1442 potentia
435 1371 529 1427 donum
536 1370 637 1436 habere,
647 1375 674 1426 et
684 1370 795 1425 Corbulo
804 1370 909 1442 dignum
920 1370 1096 1441 magnitudine

307 1448 394 1521 populi
411 1448 520 1505 Romani
536 1448 639 1504 rebatur
650 1454 724 1519 parta
739 1448 798 1502 olim
810 1465 826 1501 a
840 1446 947 1503 Lueullo
962 1448 1096 1519 Pompeio

285 1534 357 1597 tque
375 1524 493 1597 recipere.
528 1525 571 1581 Ad
587 1526 636 1581 hoo
654 1524 768 1579 Armenii
785 1523 902 1595 ambigua
918 1523 968 1578 fide
985 1528 1094 1595 utraque
1135 1489 1137 1566 t

307 1621 376 1657 arma
395 1604 553 1669 invitabant;
578 1603 631 1661 situ
654 1606 786 1665 terrarum,
809 1599 972 1656 similitudine
994 1620 1093 1664 morum

306 1680 409 1735 Parthis
427 1681 564 1752 propiores,
584 1679 766 1751 connubiisque
784 1678 909 1751 permixti,
927 1695 957 1733 ae
973 1677 1093 1733 libertate

261 1757 464 1829 35iguotailluo
475 1758 557 1830 magis
575 1757 607 1812 ad
625 1757 756 1812 servitium
774 1756 931 1812 inclinantes.
968 1755 1021 1811 Sed
1033 1757 1093 1812 Cor·

306 1833 392 1889 boloni
403 1835 459 1905 plus
471 1831 544 1889 molis
556 1834 676 1889 adversus
688 1833 813 1906 ignaviam
823 1832 932 1887 militum
947 1851 1024 1903 qnam
1036 1853 1091 1888 oon·

284 1914 346 1964 2tra
363 1911 493 1982 perfidiam
510 1911 622 1966 hostium
640 1915 703 1965 erat.
740 1910 842 1982 Quippe
854 1909 927 1981 Syria
942 1913 1090 1966 transmotae
1135 1940 1137 1991 p

305 1987 422 2060 legiones,
435 2005 497 2059 paee
511 1987 588 2059 longa
605 2006 702 2059 segnes,
721 1987 808 2042 munia
824 1987 998 2042 Romanorum
1014 2006 1090 2060 aeger·

282 2065 367 2120 trime
384 2065 533 2120 tolerabant.
570 2065 637 2120 Satis
656 2065 772 2120 constitit
788 2064 868 2118 fuisse
884 2064 912 2118 in
929 2081 959 2118 eo
977 2066 1090 2120 exercitu

304 2147 443 2208 veteranos,
468 2142 512 2214 qui
535 2160 587 2196 non
610 2141 752 2207 stationem,
778 2159 830 2196 non
849 2140 947 2212 vigilias
970 2141 1087 2207 inissent,
1135 2152 1137 2217 l

303 2220 397 2274 vallum
420 2219 562 2290 fossamque
586 2219 660 2288 quasi
682 2236 749 2274 nova
771 2221 798 2272 et
815 2217 879 2272 mira
895 2217 1014 2283 viserent,
1035 2219 1087 2274 sine

303 2296 388 2367 galeis,
398 2298 452 2352 sine
463 2297 554 2362 loriois,
567 2295 643 2350 nitidi
651 2299 678 2350 et
689 2294 834 2366 questuosi,
844 2294 935 2349 militia
945 2312 991 2365 per
997 2295 1087 2367 oppida

280 2372 409 2443 aexpleta.
445 2374 530 2446 Igitur
548 2373 657 2428 dimissis
674 2371 765 2444 quibus
780 2375 896 2427 senectus
914 2375 959 2426 aut
975 2371 1085 2428 valitudo

301 2448 405 2504 adversa
427 2455 489 2516 erat,
515 2450 718 2522 supplementum
740 2449 838 2520 petivit.
881 2449 917 2503 Et
940 2447 1021 2504 habiti
1042 2468 1085 2520 per

301 2525 425 2580 Galatiam
439 2526 672 2598 Cappadociamque
684 2526 805 2592 delectus,
818 2525 966 2597 adjectaque
982 2544 1015 2580 ex
1026 2527 1084 2582 Ger·

299 2602 382 2656 mania
390 2602 456 2674 legio
465 2620 523 2658 oum
535 2603 663 2673 equitibus
675 2603 759 2658 alariis
771 2607 798 2658 et
809 2603 925 2674 peditatu
936 2602 1082 2658 oohortium.

277 2678 475 2748 tRetentusque
484 2679 565 2733 omnis
572 2679 698 2734 exereitus
706 2679 754 2735 sub
761 2679 875 2750 pellibus,
884 2679 997 2750 quamvis
1003 2679 1082 2734 hiems

298 2773 365 2809 saeva
376 2755 445 2819 adeo,
455 2756 486 2808 ut
498 2753 608 2810 obduota
619 2755 699 2826 glaeie
706 2757 756 2810 nisi
764 2757 855 2811 effossa
862 2757 955 2810 humus
966 2756 1080 2810 tentoriis

275 2829 381 2886 olocum
392 2849 443 2886 non
454 2829 585 2901 praeberet.
610 2831 732 2886 Amhusti
742 2832 881 2887 multorum
892 2831 996 2887 artusvi
1006 2831 1078 2903 frigo

295 2907 338 2974 ris,
348 2911 373 2964 et
385 2907 487 2980 quidam
493 2907 560 2963 inter
571 2906 689 2962 excubias
696 2909 832 2967 exanimati
840 2912 908 2966 sunt
925 2910 1076 2965 sunnam
