<?xml version="1.0" encoding="UTF-8"?>
<!DOCTYPE html PUBLIC "-//W3C//DTD XHTML 1.0 Transitional//EN"
    "http://www.w3.org/TR/xhtml1/DTD/xhtml1-transitional.dtd">
<html xmlns="http://www.w3.org/1999/xhtml" xml:lang="en" lang="en">
 <head>
  <title>
</title>
<meta http-equiv="Content-Type" content="text/html;charset=utf-8" />
  <meta name='ocr-system' content='tesseract 3.04.00' />
  <meta name='ocr-capabilities' content='ocr_page ocr_carea ocr_par ocr_line ocrx_word'/>
</head>
<body>
  <div class='ocr_page' id='page_1' title='image "./operaomniaadfid01tacigoog_0295.png"; bbox 0 0 2550 3500; ppageno 0'>
   <div class='ocr_carea' id='block_1_1' title="bbox 188 391 981 503">
    <p class='ocr_par' dir='ltr' id='par_1_1' title="bbox 188 391 981 503">
     <span class='ocr_line' id='line_1_1' title="bbox 188 391 981 503; baseline 0.001 -62"><span class='ocrx_word' id='word_1_1' title='bbox 188 454 254 495; x_wconf 40' lang='lat' dir='ltr'><strong>M.</strong></span> <span class='ocrx_word' id='word_1_2' title='bbox 265 453 306 503; x_wconf 32' lang='lat'>⁵8¹]</span> <span class='ocrx_word' id='word_1_3' title='bbox 384 392 580 441; x_wconf 82' lang='lat' dir='ltr'><strong>ANNALIUM</strong></span> <span class='ocrx_word' id='word_1_4' title='bbox 596 391 674 440; x_wconf 89' lang='lat' dir='ltr'><strong>XIII.</strong></span> <span class='ocrx_word' id='word_1_5' title='bbox 692 392 795 443; x_wconf 75' lang='lat' dir='ltr'><strong>:tr-39.</strong></span> <span class='ocrx_word' id='word_1_6' title='bbox 932 392 981 444; x_wconf 79' lang='lat'><strong>289</strong></span> 
     </span>
    </p>
   </div>
   <div class='ocr_carea' id='block_1_2' title="bbox 136 497 1025 2981">
    <p class='ocr_par' dir='ltr' id='par_1_2' title="bbox 187 497 981 659">
     <span class='ocr_line' id='line_1_2' title="bbox 187 497 981 577; baseline -0.005 -17"><span class='ocrx_word' id='word_1_7' title='bbox 187 504 268 560; x_wconf 88' lang='lat' dir='ltr'><strong>colles</strong></span> <span class='ocrx_word' id='word_1_8' title='bbox 280 506 352 558; x_wconf 86' lang='lat' dir='ltr'><strong>erant</strong></span> <span class='ocrx_word' id='word_1_9' title='bbox 365 503 502 559; x_wconf 89' lang='lat' dir='ltr'><strong>clementer</strong></span> <span class='ocrx_word' id='word_1_10' title='bbox 519 507 682 577; x_wconf 77' lang='lat' dir='ltr'><strong>assurgentes</strong></span> <span class='ocrx_word' id='word_1_11' title='bbox 699 497 849 574; x_wconf 74' lang='lat' dir='ltr'><strong>accipiendis</strong></span> <span class='ocrx_word' id='word_1_12' title='bbox 867 502 981 573; x_wconf 85' lang='lat' dir='ltr'><strong>peditum</strong></span> 
     </span>
     <span class='ocr_line' id='line_1_3' title="bbox 188 580 981 659; baseline -0.003 -23"><span class='ocrx_word' id='word_1_13' title='bbox 188 580 330 647; x_wconf 78' lang='lat' dir='ltr'>ordinibus,</span> <span class='ocrx_word' id='word_1_14' title='bbox 341 600 399 652; x_wconf 91' lang='lat' dir='ltr'><strong>pars</strong></span> <span class='ocrx_word' id='word_1_15' title='bbox 411 582 439 637; x_wconf 91' lang='lat' dir='ltr'><strong>in</strong></span> <span class='ocrx_word' id='word_1_16' title='bbox 450 582 578 654; x_wconf 81' lang='lat' dir='ltr'><strong>planitiem</strong></span> <span class='ocrx_word' id='word_1_17' title='bbox 591 581 770 659; x_wconf 78' lang='lat' dir='ltr'><strong>porrigebatur</strong></span> <span class='ocrx_word' id='word_1_18' title='bbox 778 580 810 635; x_wconf 85' lang='lat' dir='ltr'><strong>ad</strong></span> <span class='ocrx_word' id='word_1_19' title='bbox 822 580 981 651; x_wconf 79' lang='lat' dir='ltr'><strong>explicandas</strong></span> 
     </span>
    </p>

    <p class='ocr_par' dir='ltr' id='par_1_3' title="bbox 136 658 1025 1427">
     <span class='ocr_line' id='line_1_4' title="bbox 136 658 1003 732; baseline 0.006 -19"><span class='ocrx_word' id='word_1_20' title='bbox 136 676 137 713; x_wconf 72' lang='grc'>;</span> <span class='ocrx_word' id='word_1_21' title='bbox 188 659 307 730; x_wconf 91' lang='lat' dir='ltr'><strong>equitum</strong></span> <span class='ocrx_word' id='word_1_22' title='bbox 324 664 431 714; x_wconf 85' lang='lat' dir='ltr'><strong>turmas.</strong></span> <span class='ocrx_word' id='word_1_23' title='bbox 466 661 566 731; x_wconf 91' lang='lat' dir='ltr'><strong>Dieque</strong></span> <span class='ocrx_word' id='word_1_24' title='bbox 583 664 659 732; x_wconf 89' lang='lat' dir='ltr'><strong>pacto</strong></span> <span class='ocrx_word' id='word_1_25' title='bbox 676 660 747 732; x_wconf 87' lang='lat' dir='ltr'><strong>prior</strong></span> <span class='ocrx_word' id='word_1_26' title='bbox 770 658 881 714; x_wconf 82' lang='lat' dir='ltr'><strong>Corbulo</strong></span> <span class='ocrx_word' id='word_1_27' title='bbox 900 659 1003 718; x_wconf 74' lang='lat' dir='ltr'><strong>sociaco</strong></span> 
     </span>
     <span class='ocr_line' id='line_1_5' title="bbox 187 736 981 810; baseline -0.001 -18"><span class='ocrx_word' id='word_1_28' title='bbox 187 738 308 793; x_wconf 79' lang='lat' dir='ltr'><strong>cohortes</strong></span> <span class='ocrx_word' id='word_1_29' title='bbox 320 742 347 792; x_wconf 91' lang='lat' dir='ltr'><strong>et</strong></span> <span class='ocrx_word' id='word_1_30' title='bbox 359 737 453 792; x_wconf 86' lang='lat' dir='ltr'><strong>auxilia</strong></span> <span class='ocrx_word' id='word_1_31' title='bbox 470 757 560 810; x_wconf 89' lang='lat' dir='ltr'><strong>regum</strong></span> <span class='ocrx_word' id='word_1_32' title='bbox 577 757 623 810; x_wconf 90' lang='lat' dir='ltr'><strong>pro</strong></span> <span class='ocrx_word' id='word_1_33' title='bbox 642 737 769 802; x_wconf 87' lang='lat' dir='ltr'><strong>cornibus,</strong></span> <span class='ocrx_word' id='word_1_34' title='bbox 782 736 865 792; x_wconf 90' lang='lat' dir='ltr'><strong>medio</strong></span> <span class='ocrx_word' id='word_1_35' title='bbox 883 740 981 791; x_wconf 80' lang='lat' dir='ltr'><strong>sextam</strong></span> 
     </span>
     <span class='ocr_line' id='line_1_6' title="bbox 187 813 981 887; baseline 0 -17"><span class='ocrx_word' id='word_1_36' title='bbox 187 814 314 886; x_wconf 84' lang='lat' dir='ltr'><strong>legionem</strong></span> <span class='ocrx_word' id='word_1_37' title='bbox 338 815 480 881; x_wconf 79' lang='lat' dir='ltr'><strong>coustItuit,</strong></span> <span class='ocrx_word' id='word_1_38' title='bbox 506 815 549 871; x_wconf 90' lang='lat' dir='ltr'><strong>cui</strong></span> <span class='ocrx_word' id='word_1_39' title='bbox 572 815 654 871; x_wconf 86' lang='lat' dir='ltr'><strong>accita</strong></span> <span class='ocrx_word' id='word_1_40' title='bbox 676 834 722 887; x_wconf 92' lang='lat' dir='ltr'><strong>per</strong></span> <span class='ocrx_word' id='word_1_41' title='bbox 744 818 847 870; x_wconf 90' lang='lat' dir='ltr'><strong>noctem</strong></span> <span class='ocrx_word' id='word_1_42' title='bbox 870 813 925 869; x_wconf 83' lang='lat' dir='ltr'><strong>aliis</strong></span> <span class='ocrx_word' id='word_1_43' title='bbox 948 832 981 870; x_wconf 88' lang='lat' dir='ltr'><strong>ex</strong></span> 
     </span>
     <span class='ocr_line' id='line_1_7' title="bbox 187 891 981 964; baseline -0.003 -17"><span class='ocrx_word' id='word_1_44' title='bbox 187 892 279 947; x_wconf 87' lang='lat' dir='ltr'><strong>castris</strong></span> <span class='ocrx_word' id='word_1_45' title='bbox 297 891 348 947; x_wconf 86' lang='lat' dir='ltr'><strong>tria</strong></span> <span class='ocrx_word' id='word_1_46' title='bbox 364 892 443 947; x_wconf 86' lang='lat' dir='ltr'><strong>millia</strong></span> <span class='ocrx_word' id='word_1_47' title='bbox 460 893 628 949; x_wconf 90' lang='lat' dir='ltr'><strong>tertianorum</strong></span> <span class='ocrx_word' id='word_1_48' title='bbox 645 893 836 964; x_wconf 85' lang='lat' dir='ltr'><strong>permiscuerat,</strong></span> <span class='ocrx_word' id='word_1_49' title='bbox 853 910 905 946; x_wconf 90' lang='lat' dir='ltr'><strong>una</strong></span> <span class='ocrx_word' id='word_1_50' title='bbox 922 909 981 946; x_wconf 89' lang='lat' dir='ltr'><strong>cum</strong></span> 
     </span>
     <span class='ocr_line' id='line_1_8' title="bbox 187 968 1002 1043; baseline -0.001 -19"><span class='ocrx_word' id='word_1_51' title='bbox 187 968 280 1039; x_wconf 84' lang='lat' dir='ltr'><strong>aquila,</strong></span> <span class='ocrx_word' id='word_1_52' title='bbox 299 968 372 1040; x_wconf 84' lang='lat' dir='ltr'><strong>quasi</strong></span> <span class='ocrx_word' id='word_1_53' title='bbox 390 969 477 1025; x_wconf 87' lang='lat' dir='ltr'><strong>eadem</strong></span> <span class='ocrx_word' id='word_1_54' title='bbox 494 970 561 1041; x_wconf 91' lang='lat' dir='ltr'><strong>legio</strong></span> <span class='ocrx_word' id='word_1_55' title='bbox 579 975 745 1043; x_wconf 84' lang='lat' dir='ltr'><strong>spectaretur.</strong></span> <span class='ocrx_word' id='word_1_56' title='bbox 781 969 907 1025; x_wconf 77' lang='lat' dir='ltr'><strong>&#39;liridates</strong></span> <span class='ocrx_word' id='word_1_57' title='bbox 925 982 1002 1033; x_wconf 75' lang='lat' dir='ltr'><strong>rer-7</strong></span> 
     </span>
     <span class='ocr_line' id='line_1_9' title="bbox 186 1046 980 1120; baseline 0 -19"><span class='ocrx_word' id='word_1_58' title='bbox 186 1050 266 1119; x_wconf 89' lang='lat' dir='ltr'><strong>gente</strong></span> <span class='ocrx_word' id='word_1_59' title='bbox 280 1046 334 1117; x_wconf 88' lang='lat' dir='ltr'><strong>jam</strong></span> <span class='ocrx_word' id='word_1_60' title='bbox 352 1046 392 1101; x_wconf 92' lang='lat' dir='ltr'><strong>die</strong></span> <span class='ocrx_word' id='word_1_61' title='bbox 409 1047 499 1118; x_wconf 88' lang='lat' dir='ltr'><strong>procul</strong></span> <span class='ocrx_word' id='word_1_62' title='bbox 516 1048 606 1113; x_wconf 87' lang='lat' dir='ltr'><strong>astitit,</strong></span> <span class='ocrx_word' id='word_1_63' title='bbox 625 1048 694 1103; x_wconf 88' lang='lat' dir='ltr'><strong>unde</strong></span> <span class='ocrx_word' id='word_1_64' title='bbox 710 1048 792 1104; x_wconf 83' lang='lat' dir='ltr'><strong>rideri</strong></span> <span class='ocrx_word' id='word_1_65' title='bbox 806 1047 887 1120; x_wconf 85' lang='lat' dir='ltr'><strong>magis</strong></span> <span class='ocrx_word' id='word_1_66' title='bbox 904 1064 980 1117; x_wconf 88' lang='lat' dir='ltr'><strong>quam</strong></span> 
     </span>
     <span class='ocr_line' id='line_1_10' title="bbox 187 1122 980 1197; baseline 0 -19"><span class='ocrx_word' id='word_1_67' title='bbox 187 1122 271 1179; x_wconf 88' lang='lat' dir='ltr'><strong>audiri</strong></span> <span class='ocrx_word' id='word_1_68' title='bbox 284 1126 377 1195; x_wconf 89' lang='lat' dir='ltr'><strong>posset.</strong></span> <span class='ocrx_word' id='word_1_69' title='bbox 413 1124 457 1179; x_wconf 89' lang='lat' dir='ltr'><strong>Ita</strong></span> <span class='ocrx_word' id='word_1_70' title='bbox 468 1125 522 1180; x_wconf 85' lang='lat' dir='ltr'><strong>sine</strong></span> <span class='ocrx_word' id='word_1_71' title='bbox 534 1143 673 1197; x_wconf 89' lang='lat' dir='ltr'><strong>congressu</strong></span> <span class='ocrx_word' id='word_1_72' title='bbox 691 1124 743 1181; x_wconf 81' lang='lat' dir='ltr'><strong>dux</strong></span> <span class='ocrx_word' id='word_1_73' title='bbox 754 1126 885 1180; x_wconf 85' lang='lat' dir='ltr'><strong>Romanus</strong></span> <span class='ocrx_word' id='word_1_74' title='bbox 895 1124 980 1179; x_wconf 88' lang='lat' dir='ltr'><strong>absce-</strong></span> 
     </span>
     <span class='ocr_line' id='line_1_11' title="bbox 187 1199 1025 1274; baseline 0.008 -20"><span class='ocrx_word' id='word_1_75' title='bbox 187 1199 248 1255; x_wconf 85' lang='lat' dir='ltr'><strong>dere</strong></span> <span class='ocrx_word' id='word_1_76' title='bbox 260 1200 375 1266; x_wconf 89' lang='lat' dir='ltr'><strong>militem‚</strong></span> <span class='ocrx_word' id='word_1_77' title='bbox 388 1219 435 1255; x_wconf 86' lang='lat' dir='ltr'><strong>sua</strong></span> <span class='ocrx_word' id='word_1_78' title='bbox 449 1220 573 1273; x_wconf 87' lang='lat' dir='ltr'><strong>quemque</strong></span> <span class='ocrx_word' id='word_1_79' title='bbox 591 1203 618 1257; x_wconf 89' lang='lat' dir='ltr'><strong>iu</strong></span> <span class='ocrx_word' id='word_1_80' title='bbox 630 1206 721 1268; x_wconf 85' lang='lat' dir='ltr'><strong>castra,</strong></span> <span class='ocrx_word' id='word_1_81' title='bbox 735 1202 817 1274; x_wconf 87' lang='lat' dir='ltr'><strong>jubet.</strong></span> <span class='ocrx_word' id='word_1_82' title='bbox 853 1202 914 1259; x_wconf 79' lang='lat' dir='ltr'><strong>Rex</strong></span> <span class='ocrx_word' id='word_1_83' title='bbox 925 1202 1025 1261; x_wconf 63' lang='lat' dir='ltr'><strong>sivcdss</strong></span> 
     </span>
     <span class='ocr_line' id='line_1_12' title="bbox 186 1276 977 1351; baseline 0.003 -20"><span class='ocrx_word' id='word_1_84' title='bbox 186 1276 304 1333; x_wconf 81' lang='lat' dir='ltr'><strong>fraudem</strong></span> <span class='ocrx_word' id='word_1_85' title='bbox 324 1282 481 1349; x_wconf 82' lang='lat' dir='ltr'><strong>suspectans,</strong></span> <span class='ocrx_word' id='word_1_86' title='bbox 501 1280 560 1351; x_wconf 88' lang='lat' dir='ltr'><strong>quia</strong></span> <span class='ocrx_word' id='word_1_87' title='bbox 576 1280 651 1351; x_wconf 90' lang='lat' dir='ltr'><strong>plura</strong></span> <span class='ocrx_word' id='word_1_88' title='bbox 666 1280 743 1336; x_wconf 83' lang='lat' dir='ltr'><strong>aimud</strong></span> <span class='ocrx_word' id='word_1_89' title='bbox 762 1280 790 1335; x_wconf 89' lang='lat' dir='ltr'><strong>in</strong></span> <span class='ocrx_word' id='word_1_90' title='bbox 810 1279 866 1334; x_wconf 85' lang='lat' dir='ltr'><strong>loca</strong></span> <span class='ocrx_word' id='word_1_91' title='bbox 883 1279 977 1345; x_wconf 84' lang='lat' dir='ltr'><strong>ibatur,</strong></span> 
     </span>
     <span class='ocr_line' id='line_1_13' title="bbox 187 1355 979 1427; baseline 0.003 -18"><span class='ocrx_word' id='word_1_92' title='bbox 187 1355 242 1409; x_wconf 85' lang='lat' dir='ltr'><strong>sive</strong></span> <span class='ocrx_word' id='word_1_93' title='bbox 252 1358 283 1409; x_wconf 91' lang='lat' dir='ltr'><strong>ut</strong></span> <span class='ocrx_word' id='word_1_94' title='bbox 295 1359 449 1411; x_wconf 87' lang='lat' dir='ltr'><strong>commeatus</strong></span> <span class='ocrx_word' id='word_1_95' title='bbox 463 1362 564 1411; x_wconf 89' lang='lat' dir='ltr'><strong>nostros</strong></span> <span class='ocrx_word' id='word_1_96' title='bbox 582 1358 690 1412; x_wconf 90' lang='lat' dir='ltr'><strong>Pontico</strong></span> <span class='ocrx_word' id='word_1_97' title='bbox 702 1357 766 1411; x_wconf 90' lang='lat' dir='ltr'><strong>mari</strong></span> <span class='ocrx_word' id='word_1_98' title='bbox 781 1361 808 1411; x_wconf 89' lang='lat' dir='ltr'><strong>et</strong></span> <span class='ocrx_word' id='word_1_99' title='bbox 819 1357 979 1427; x_wconf 79' lang='lat' dir='ltr'><strong>rIrapezunte</strong></span> 
     </span>
    </p>

    <p class='ocr_par' dir='ltr' id='par_1_4' title="bbox 157 1430 1002 2981">
     <span class='ocr_line' id='line_1_14' title="bbox 157 1430 1001 1506; baseline 0 -19"><span class='ocrx_word' id='word_1_100' title='bbox 157 1472 159 1475; x_wconf 89' lang='lat'>-</span> <span class='ocrx_word' id='word_1_101' title='bbox 185 1430 280 1503; x_wconf 92' lang='lat' dir='ltr'><strong>oppido</strong></span> <span class='ocrx_word' id='word_1_102' title='bbox 293 1431 459 1489; x_wconf 84' lang='lat' dir='ltr'><strong>adventantes</strong></span> <span class='ocrx_word' id='word_1_103' title='bbox 472 1434 644 1505; x_wconf 80' lang='lat' dir='ltr'><strong>interciperet,</strong></span> <span class='ocrx_word' id='word_1_104' title='bbox 657 1452 764 1506; x_wconf 86' lang='lat' dir='ltr'><strong>propere</strong></span> <span class='ocrx_word' id='word_1_105' title='bbox 776 1434 890 1490; x_wconf 87' lang='lat' dir='ltr'><strong>discedit.</strong></span> <span class='ocrx_word' id='word_1_106' title='bbox 929 1432 1001 1487; x_wconf 65' lang='lat' dir='ltr'><strong>Sedu</strong></span> 
     </span>
     <span class='ocr_line' id='line_1_15' title="bbox 186 1508 978 1582; baseline 0.001 -19"><span class='ocrx_word' id='word_1_107' title='bbox 186 1526 269 1580; x_wconf 90' lang='lat' dir='ltr'><strong>neque</strong></span> <span class='ocrx_word' id='word_1_108' title='bbox 281 1508 463 1565; x_wconf 85' lang='lat' dir='ltr'><strong>commeatibus</strong></span> <span class='ocrx_word' id='word_1_109' title='bbox 475 1510 525 1565; x_wconf 87' lang='lat' dir='ltr'><strong>vim</strong></span> <span class='ocrx_word' id='word_1_110' title='bbox 538 1510 621 1566; x_wconf 87' lang='lat' dir='ltr'><strong>iacere</strong></span> <span class='ocrx_word' id='word_1_111' title='bbox 633 1512 726 1581; x_wconf 90' lang='lat' dir='ltr'><strong>potnit,</strong></span> <span class='ocrx_word' id='word_1_112' title='bbox 740 1511 799 1582; x_wconf 91' lang='lat' dir='ltr'><strong>quia</strong></span> <span class='ocrx_word' id='word_1_113' title='bbox 816 1529 862 1581; x_wconf 90' lang='lat' dir='ltr'><strong>per</strong></span> <span class='ocrx_word' id='word_1_114' title='bbox 878 1513 978 1565; x_wconf 87' lang='lat' dir='ltr'><strong>montes</strong></span> 
     </span>
     <span class='ocr_line' id='line_1_16' title="bbox 186 1587 978 1660; baseline 0.004 -18"><span class='ocrx_word' id='word_1_115' title='bbox 186 1587 344 1644; x_wconf 81' lang='lat' dir='ltr'><strong>ducebantur</strong></span> <span class='ocrx_word' id='word_1_116' title='bbox 364 1588 488 1660; x_wconf 81' lang='lat' dir='ltr'><strong>praesidiis</strong></span> <span class='ocrx_word' id='word_1_117' title='bbox 506 1590 601 1646; x_wconf 87' lang='lat' dir='ltr'><strong>nostris</strong></span> <span class='ocrx_word' id='word_1_118' title='bbox 618 1590 744 1657; x_wconf 78' lang='lat' dir='ltr'><strong>insessos3</strong></span> <span class='ocrx_word' id='word_1_119' title='bbox 763 1597 791 1645; x_wconf 89' lang='lat' dir='ltr'><strong>et</strong></span> <span class='ocrx_word' id='word_1_120' title='bbox 809 1589 927 1655; x_wconf 83' lang='lat' dir='ltr'><strong>Corbulo,</strong></span> <span class='ocrx_word' id='word_1_121' title='bbox 945 1608 978 1645; x_wconf 91' lang='lat' dir='ltr'><strong>ne</strong></span> 
     </span>
     <span class='ocr_line' id='line_1_17' title="bbox 185 1665 978 1739; baseline -0.004 -15"><span class='ocrx_word' id='word_1_122' title='bbox 185 1665 286 1724; x_wconf 83' lang='lat' dir='ltr'><strong>irritum</strong></span> <span class='ocrx_word' id='word_1_123' title='bbox 304 1666 397 1722; x_wconf 89' lang='lat' dir='ltr'><strong>bellum</strong></span> <span class='ocrx_word' id='word_1_124' title='bbox 415 1667 559 1723; x_wconf 85' lang='lat' dir='ltr'><strong>traheretur</strong></span> <span class='ocrx_word' id='word_1_125' title='bbox 576 1672 656 1739; x_wconf 90' lang='lat' dir='ltr'><strong>utque</strong></span> <span class='ocrx_word' id='word_1_126' title='bbox 673 1668 807 1723; x_wconf 84' lang='lat' dir='ltr'><strong>Armenios</strong></span> <span class='ocrx_word' id='word_1_127' title='bbox 825 1667 858 1722; x_wconf 91' lang='lat' dir='ltr'><strong>ud</strong></span> <span class='ocrx_word' id='word_1_128' title='bbox 875 1686 921 1722; x_wconf 88' lang='lat' dir='ltr'><strong>sua</strong></span> <span class='ocrx_word' id='word_1_129' title='bbox 936 1666 978 1722; x_wconf 90' lang='lat' dir='ltr'><strong>de·</strong></span> 
     </span>
     <span class='ocr_line' id='line_1_18' title="bbox 185 1743 978 1818; baseline 0.004 -20"><span class='ocrx_word' id='word_1_130' title='bbox 185 1743 311 1800; x_wconf 77' lang='lat' dir='ltr'><strong>tendenda</strong></span> <span class='ocrx_word' id='word_1_131' title='bbox 322 1749 433 1817; x_wconf 89' lang='lat' dir='ltr'><strong>cogeret,</strong></span> <span class='ocrx_word' id='word_1_132' title='bbox 445 1744 577 1801; x_wconf 86' lang='lat' dir='ltr'><strong>excindere</strong></span> <span class='ocrx_word' id='word_1_133' title='bbox 590 1750 663 1818; x_wconf 87' lang='lat' dir='ltr'><strong>parat</strong></span> <span class='ocrx_word' id='word_1_134' title='bbox 675 1746 785 1812; x_wconf 88' lang='lat' dir='ltr'><strong>castella,</strong></span> <span class='ocrx_word' id='word_1_135' title='bbox 796 1745 901 1818; x_wconf 85' lang='lat' dir='ltr'><strong>sibique,</strong></span> <span class='ocrx_word' id='word_1_136' title='bbox 910 1744 978 1817; x_wconf 89' lang='lat' dir='ltr'><strong>quod</strong></span> 
     </span>
     <span class='ocr_line' id='line_1_19' title="bbox 185 1821 976 1896; baseline 0.003 -20"><span class='ocrx_word' id='word_1_137' title='bbox 185 1821 367 1878; x_wconf 86' lang='lat' dir='ltr'><strong>validissimum</strong></span> <span class='ocrx_word' id='word_1_138' title='bbox 384 1823 411 1878; x_wconf 91' lang='lat' dir='ltr'><strong>in</strong></span> <span class='ocrx_word' id='word_1_139' title='bbox 428 1841 458 1878; x_wconf 89' lang='lat' dir='ltr'><strong>ea</strong></span> <span class='ocrx_word' id='word_1_140' title='bbox 474 1823 631 1894; x_wconf 73' lang='lat' dir='ltr'><strong>prefectum,</strong></span> <span class='ocrx_word' id='word_1_141' title='bbox 645 1828 813 1896; x_wconf 87' lang='lat' dir='ltr'><strong>cognomento</strong></span> <span class='ocrx_word' id='word_1_142' title='bbox 824 1823 976 1889; x_wconf 87' lang='lat' dir='ltr'><strong>Volandum,</strong></span> 
     </span>
     <span class='ocr_line' id='line_1_20' title="bbox 185 1899 978 1974; baseline 0.003 -20"><span class='ocrx_word' id='word_1_143' title='bbox 185 1899 279 1966; x_wconf 80' lang='lat' dir='ltr'><strong>anmit3</strong></span> <span class='ocrx_word' id='word_1_144' title='bbox 298 1901 396 1956; x_wconf 85' lang='lat' dir='ltr'><strong>minora</strong></span> <span class='ocrx_word' id='word_1_145' title='bbox 407 1901 526 1955; x_wconf 88' lang='lat' dir='ltr'><strong>Cornelio</strong></span> <span class='ocrx_word' id='word_1_146' title='bbox 543 1901 633 1956; x_wconf 79' lang='lat' dir='ltr'><strong>Illaeeo</strong></span> <span class='ocrx_word' id='word_1_147' title='bbox 653 1901 738 1974; x_wconf 88' lang='lat' dir='ltr'><strong>legato</strong></span> <span class='ocrx_word' id='word_1_148' title='bbox 750 1912 777 1956; x_wconf 88' lang='lat' dir='ltr'><strong>et</strong></span> <span class='ocrx_word' id='word_1_149' title='bbox 794 1901 893 1957; x_wconf 86' lang='lat' dir='ltr'><strong>Insteio</strong></span> <span class='ocrx_word' id='word_1_150' title='bbox 905 1901 978 1972; x_wconf 85' lang='lat' dir='ltr'><strong>Capi-</strong></span> 
     </span>
     <span class='ocr_line' id='line_1_21' title="bbox 184 1971 1000 2050; baseline 0.009 -20"><span class='ocrx_word' id='word_1_151' title='bbox 184 1975 242 2030; x_wconf 88' lang='lat' dir='ltr'><strong>toni</strong></span> <span class='ocrx_word' id='word_1_152' title='bbox 259 1981 399 2032; x_wconf 88' lang='lat' dir='ltr'><strong>castrorum</strong></span> <span class='ocrx_word' id='word_1_153' title='bbox 417 1978 538 2050; x_wconf 74' lang='lat' dir='ltr'><strong>praefecto</strong></span> <span class='ocrx_word' id='word_1_154' title='bbox 555 1978 666 2033; x_wconf 87' lang='lat' dir='ltr'><strong>mandat.</strong></span> <span class='ocrx_word' id='word_1_155' title='bbox 702 1979 768 2034; x_wconf 81' lang='lat' dir='ltr'><strong>Tum</strong></span> <span class='ocrx_word' id='word_1_156' title='bbox 788 1971 1000 2050; x_wconf 71' lang='lat' dir='ltr'><strong>circimspectiss</strong></span> 
     </span>
     <span class='ocr_line' id='line_1_22' title="bbox 184 2052 978 2128; baseline 0.003 -20"><span class='ocrx_word' id='word_1_157' title='bbox 184 2052 356 2120; x_wconf 88' lang='lat' dir='ltr'><strong>munimentis,</strong></span> <span class='ocrx_word' id='word_1_158' title='bbox 374 2059 401 2110; x_wconf 91' lang='lat' dir='ltr'><strong>et</strong></span> <span class='ocrx_word' id='word_1_159' title='bbox 418 2074 474 2127; x_wconf 83' lang='lat' dir='ltr'><strong>quae</strong></span> <span class='ocrx_word' id='word_1_160' title='bbox 492 2056 674 2128; x_wconf 80' lang='lat' dir='ltr'><strong>expugnationi</strong></span> <span class='ocrx_word' id='word_1_161' title='bbox 689 2055 781 2111; x_wconf 88' lang='lat' dir='ltr'><strong>idonea</strong></span> <span class='ocrx_word' id='word_1_162' title='bbox 794 2055 909 2128; x_wconf 87' lang='lat' dir='ltr'><strong>provisis,</strong></span> <span class='ocrx_word' id='word_1_163' title='bbox 921 2056 978 2110; x_wconf 90' lang='lat' dir='ltr'><strong>hor-</strong></span> 
     </span>
     <span class='ocr_line' id='line_1_23' title="bbox 184 2131 978 2205; baseline 0.001 -19"><span class='ocrx_word' id='word_1_164' title='bbox 184 2135 257 2186; x_wconf 84' lang='lat' dir='ltr'><strong>tatur</strong></span> <span class='ocrx_word' id='word_1_165' title='bbox 274 2131 367 2186; x_wconf 87' lang='lat' dir='ltr'><strong>milites</strong></span> <span class='ocrx_word' id='word_1_166' title='bbox 384 2136 415 2188; x_wconf 90' lang='lat' dir='ltr'><strong>ut</strong></span> <span class='ocrx_word' id='word_1_167' title='bbox 432 2133 532 2188; x_wconf 88' lang='lat' dir='ltr'><strong>hostem</strong></span> <span class='ocrx_word' id='word_1_168' title='bbox 548 2152 641 2205; x_wconf 86' lang='lat' dir='ltr'><strong>vagum</strong></span> <span class='ocrx_word' id='word_1_169' title='bbox 657 2151 740 2204; x_wconf 90' lang='lat' dir='ltr'><strong>neque</strong></span> <span class='ocrx_word' id='word_1_170' title='bbox 756 2134 813 2205; x_wconf 90' lang='lat' dir='ltr'><strong>paci</strong></span> <span class='ocrx_word' id='word_1_171' title='bbox 829 2137 874 2188; x_wconf 85' lang='lat' dir='ltr'><strong>aut</strong></span> <span class='ocrx_word' id='word_1_172' title='bbox 891 2133 978 2203; x_wconf 75' lang='lat' dir='ltr'><strong>praelio</strong></span> 
     </span>
     <span class='ocr_line' id='line_1_24' title="bbox 182 2209 978 2282; baseline 0 -18"><span class='ocrx_word' id='word_1_173' title='bbox 182 2214 310 2282; x_wconf 89' lang='lat' dir='ltr'><strong>paratum,</strong></span> <span class='ocrx_word' id='word_1_174' title='bbox 329 2209 373 2264; x_wconf 87' lang='lat' dir='ltr'><strong>sed</strong></span> <span class='ocrx_word' id='word_1_175' title='bbox 391 2210 521 2280; x_wconf 88' lang='lat' dir='ltr'><strong>perfidiam</strong></span> <span class='ocrx_word' id='word_1_176' title='bbox 539 2213 565 2265; x_wconf 90' lang='lat' dir='ltr'><strong>et</strong></span> <span class='ocrx_word' id='word_1_177' title='bbox 588 2211 715 2282; x_wconf 85' lang='lat' dir='ltr'><strong>ignaviam</strong></span> <span class='ocrx_word' id='word_1_178' title='bbox 733 2211 796 2282; x_wconf 84' lang='lat' dir='ltr'><strong>fuga</strong></span> <span class='ocrx_word' id='word_1_179' title='bbox 816 2210 978 2265; x_wconf 79' lang='lat' dir='ltr'><strong>confitentem</strong></span> 
     </span>
     <span class='ocr_line' id='line_1_25' title="bbox 182 2285 978 2359; baseline 0.001 -17"><span class='ocrx_word' id='word_1_180' title='bbox 182 2289 308 2342; x_wconf 87' lang='lat' dir='ltr'><strong>exuerent</strong></span> <span class='ocrx_word' id='word_1_181' title='bbox 326 2285 436 2353; x_wconf 87' lang='lat' dir='ltr'><strong>sedibus,</strong></span> <span class='ocrx_word' id='word_1_182' title='bbox 450 2287 586 2359; x_wconf 84' lang='lat' dir='ltr'><strong>gloriaeque</strong></span> <span class='ocrx_word' id='word_1_183' title='bbox 602 2288 699 2358; x_wconf 89' lang='lat' dir='ltr'><strong>pariter</strong></span> <span class='ocrx_word' id='word_1_184' title='bbox 714 2291 741 2342; x_wconf 90' lang='lat' dir='ltr'><strong>et</strong></span> <span class='ocrx_word' id='word_1_185' title='bbox 757 2287 848 2358; x_wconf 78' lang='lat' dir='ltr'><strong>praedae</strong></span> <span class='ocrx_word' id='word_1_186' title='bbox 866 2288 978 2343; x_wconf 91' lang='lat' dir='ltr'><strong>consule-</strong></span> 
     </span>
     <span class='ocr_line' id='line_1_26' title="bbox 181 2363 1002 2436; baseline 0.005 -16"><span class='ocrx_word' id='word_1_187' title='bbox 181 2369 249 2420; x_wconf 85' lang='lat' dir='ltr'><strong>rent.</strong></span> <span class='ocrx_word' id='word_1_188' title='bbox 286 2363 352 2417; x_wconf 77' lang='lat' dir='ltr'><strong>&#39;hrm</strong></span> <span class='ocrx_word' id='word_1_189' title='bbox 371 2363 554 2436; x_wconf 79' lang='lat' dir='ltr'><strong>quadripertIto</strong></span> <span class='ocrx_word' id='word_1_190' title='bbox 575 2365 697 2430; x_wconf 80' lang='lat' dir='ltr'><strong>exercitu,</strong></span> <span class='ocrx_word' id='word_1_191' title='bbox 715 2365 762 2420; x_wconf 91' lang='lat' dir='ltr'><strong>hos</strong></span> <span class='ocrx_word' id='word_1_192' title='bbox 778 2365 806 2420; x_wconf 88' lang='lat' dir='ltr'><strong>in</strong></span> <span class='ocrx_word' id='word_1_193' title='bbox 822 2364 1002 2424; x_wconf 69' lang='lat' dir='ltr'><strong>testudinemt</strong></span> 
     </span>
     <span class='ocr_line' id='line_1_27' title="bbox 182 2441 979 2516; baseline 0 -16"><span class='ocrx_word' id='word_1_194' title='bbox 182 2442 349 2516; x_wconf 87' lang='lat' dir='ltr'><strong>conglobatos</strong></span> <span class='ocrx_word' id='word_1_195' title='bbox 362 2441 505 2498; x_wconf 89' lang='lat' dir='ltr'><strong>subruendo</strong></span> <span class='ocrx_word' id='word_1_196' title='bbox 517 2443 582 2498; x_wconf 87' lang='lat' dir='ltr'><strong>vallo</strong></span> <span class='ocrx_word' id='word_1_197' title='bbox 599 2443 705 2510; x_wconf 88' lang='lat' dir='ltr'><strong>inducit,</strong></span> <span class='ocrx_word' id='word_1_198' title='bbox 719 2443 780 2498; x_wconf 90' lang='lat' dir='ltr'><strong>alios</strong></span> <span class='ocrx_word' id='word_1_199' title='bbox 797 2443 877 2498; x_wconf 87' lang='lat' dir='ltr'><strong>scalas</strong></span> <span class='ocrx_word' id='word_1_200' title='bbox 892 2445 979 2500; x_wconf 77' lang='lat' dir='ltr'><strong>meni-</strong></span> 
     </span>
     <span class='ocr_line' id='line_1_28' title="bbox 182 2520 978 2584; baseline 0.003 -8"><span class='ocrx_word' id='word_1_201' title='bbox 182 2521 231 2576; x_wconf 93' lang='lat' dir='ltr'><strong>bns</strong></span> <span class='ocrx_word' id='word_1_202' title='bbox 244 2520 385 2584; x_wconf 86' lang='lat' dir='ltr'><strong>admovere,</strong></span> <span class='ocrx_word' id='word_1_203' title='bbox 396 2521 489 2576; x_wconf 89' lang='lat' dir='ltr'><strong>multos</strong></span> <span class='ocrx_word' id='word_1_204' title='bbox 501 2521 635 2576; x_wconf 87' lang='lat' dir='ltr'><strong>tormentis</strong></span> <span class='ocrx_word' id='word_1_205' title='bbox 648 2521 715 2577; x_wconf 88' lang='lat' dir='ltr'><strong>laces</strong></span> <span class='ocrx_word' id='word_1_206' title='bbox 728 2528 754 2577; x_wconf 90' lang='lat' dir='ltr'><strong>et</strong></span> <span class='ocrx_word' id='word_1_207' title='bbox 766 2521 852 2576; x_wconf 87' lang='lat' dir='ltr'><strong>hastas</strong></span> <span class='ocrx_word' id='word_1_208' title='bbox 863 2522 978 2578; x_wconf 87' lang='lat' dir='ltr'><strong>incutere</strong></span> 
     </span>
     <span class='ocr_line' id='line_1_29' title="bbox 179 2596 1000 2670; baseline 0.001 -16"><span class='ocrx_word' id='word_1_209' title='bbox 179 2599 263 2670; x_wconf 84' lang='lat' dir='ltr'><strong>jubet.</strong></span> <span class='ocrx_word' id='word_1_210' title='bbox 298 2596 475 2652; x_wconf 86' lang='lat' dir='ltr'><strong>Libratoribus</strong></span> <span class='ocrx_word' id='word_1_211' title='bbox 496 2597 718 2670; x_wconf 82' lang='lat' dir='ltr'><strong>funditoribusque</strong></span> <span class='ocrx_word' id='word_1_212' title='bbox 742 2599 883 2654; x_wconf 87' lang='lat' dir='ltr'><strong>attributus</strong></span> <span class='ocrx_word' id='word_1_213' title='bbox 906 2599 1000 2656; x_wconf 77' lang='lat' dir='ltr'><strong>locust</strong></span> 
     </span>
     <span class='ocr_line' id='line_1_30' title="bbox 182 2673 978 2748; baseline 0 -18"><span class='ocrx_word' id='word_1_214' title='bbox 182 2675 251 2730; x_wconf 90' lang='lat' dir='ltr'><strong>unde</strong></span> <span class='ocrx_word' id='word_1_215' title='bbox 264 2675 362 2730; x_wconf 90' lang='lat' dir='ltr'><strong>eminus</strong></span> <span class='ocrx_word' id='word_1_216' title='bbox 374 2673 478 2746; x_wconf 83' lang='lat' dir='ltr'><strong>glandes</strong></span> <span class='ocrx_word' id='word_1_217' title='bbox 489 2678 646 2748; x_wconf 87' lang='lat' dir='ltr'><strong>torquerent,</strong></span> <span class='ocrx_word' id='word_1_218' title='bbox 659 2695 691 2731; x_wconf 92' lang='lat' dir='ltr'><strong>ne</strong></span> <span class='ocrx_word' id='word_1_219' title='bbox 704 2694 754 2748; x_wconf 90' lang='lat' dir='ltr'><strong>qna</strong></span> <span class='ocrx_word' id='word_1_220' title='bbox 765 2695 824 2748; x_wconf 89' lang='lat' dir='ltr'><strong>pars</strong></span> <span class='ocrx_word' id='word_1_221' title='bbox 836 2675 978 2731; x_wconf 90' lang='lat' dir='ltr'><strong>subsidium</strong></span> 
     </span>
     <span class='ocr_line' id='line_1_31' title="bbox 182 2751 1001 2826; baseline 0 -18"><span class='ocrx_word' id='word_1_222' title='bbox 182 2751 356 2808; x_wconf 86' lang='lat' dir='ltr'><strong>laborantibus</strong></span> <span class='ocrx_word' id='word_1_223' title='bbox 377 2753 456 2810; x_wconf 87' lang='lat' dir='ltr'><strong>ferret</strong></span> <span class='ocrx_word' id='word_1_224' title='bbox 476 2753 531 2824; x_wconf 86' lang='lat' dir='ltr'><strong>pari</strong></span> <span class='ocrx_word' id='word_1_225' title='bbox 551 2753 664 2826; x_wconf 88' lang='lat' dir='ltr'><strong>undique</strong></span> <span class='ocrx_word' id='word_1_226' title='bbox 684 2759 764 2809; x_wconf 91' lang='lat' dir='ltr'><strong>motu.</strong></span> <span class='ocrx_word' id='word_1_227' title='bbox 800 2754 899 2809; x_wconf 77' lang='lat' dir='ltr'><strong>Tantus</strong></span> <span class='ocrx_word' id='word_1_228' title='bbox 919 2753 1001 2810; x_wconf 71' lang='lat' dir='ltr'><strong>iudet</strong></span> 
     </span>
     <span class='ocr_line' id='line_1_32' title="bbox 183 2829 978 2897; baseline -0.001 -11"><span class='ocrx_word' id='word_1_229' title='bbox 183 2830 258 2886; x_wconf 85' lang='lat' dir='ltr'><strong>ardor</strong></span> <span class='ocrx_word' id='word_1_230' title='bbox 281 2829 403 2886; x_wconf 81' lang='lat' dir='ltr'><strong>certantis</strong></span> <span class='ocrx_word' id='word_1_231' title='bbox 427 2830 553 2885; x_wconf 85' lang='lat' dir='ltr'><strong>exercitus</strong></span> <span class='ocrx_word' id='word_1_232' title='bbox 576 2831 634 2897; x_wconf 86' lang='lat' dir='ltr'><strong>fuit,</strong></span> <span class='ocrx_word' id='word_1_233' title='bbox 657 2835 689 2887; x_wconf 92' lang='lat' dir='ltr'><strong>ut</strong></span> <span class='ocrx_word' id='word_1_234' title='bbox 710 2832 779 2886; x_wconf 83' lang='lat' dir='ltr'><strong>intre</strong></span> <span class='ocrx_word' id='word_1_235' title='bbox 800 2831 903 2886; x_wconf 88' lang='lat' dir='ltr'><strong>tertiam</strong></span> <span class='ocrx_word' id='word_1_236' title='bbox 927 2829 978 2886; x_wconf 91' lang='lat' dir='ltr'><strong>diei</strong></span> 
     </span>
     <span class='ocr_line' id='line_1_33' title="bbox 183 2907 979 2981; baseline 0 -19"><span class='ocrx_word' id='word_1_237' title='bbox 183 2914 280 2979; x_wconf 88' lang='lat' dir='ltr'><strong>partem</strong></span> <span class='ocrx_word' id='word_1_238' title='bbox 296 2907 386 2964; x_wconf 85' lang='lat' dir='ltr'><strong>nudati</strong></span> <span class='ocrx_word' id='word_1_239' title='bbox 404 2907 634 2980; x_wconf 85' lang='lat' dir='ltr'><strong>propugnatoribus</strong></span> <span class='ocrx_word' id='word_1_240' title='bbox 653 2910 727 2975; x_wconf 91' lang='lat' dir='ltr'><strong>muri,</strong></span> <span class='ocrx_word' id='word_1_241' title='bbox 743 2909 828 2964; x_wconf 83' lang='lat' dir='ltr'><strong>oblecs</strong></span> <span class='ocrx_word' id='word_1_242' title='bbox 845 2911 979 2981; x_wconf 89' lang='lat' dir='ltr'><strong>portarurn</strong></span> 
     </span>
    </p>
   </div>
   <div class='ocr_carea' id='block_1_3' title="bbox 184 2984 978 3118">
    <p class='ocr_par' dir='ltr' id='par_1_5' title="bbox 184 2984 978 3118">
     <span class='ocr_line' id='line_1_34' title="bbox 184 2984 978 3058; baseline 0.004 -19"><span class='ocrx_word' id='word_1_243' title='bbox 184 2985 304 3052; x_wconf 80' lang='lat' dir='ltr'><strong>subversi,</strong></span> <span class='ocrx_word' id='word_1_244' title='bbox 320 2989 396 3058; x_wconf 85' lang='lat' dir='ltr'><strong>capte</strong></span> <span class='ocrx_word' id='word_1_245' title='bbox 412 3003 518 3041; x_wconf 84' lang='lat' dir='ltr'><strong>escensu</strong></span> <span class='ocrx_word' id='word_1_246' title='bbox 535 2986 699 3052; x_wconf 90' lang='lat' dir='ltr'><strong>munimenta,</strong></span> <span class='ocrx_word' id='word_1_247' title='bbox 717 3003 854 3056; x_wconf 90' lang='lat' dir='ltr'><strong>omnesque</strong></span> <span class='ocrx_word' id='word_1_248' title='bbox 869 2984 978 3056; x_wconf 73' lang='lat' dir='ltr'><strong>puberes</strong></span> 
     </span>
     <span class='ocr_line' id='line_1_35' title="bbox 214 3077 591 3118; baseline 0.013 -12"><span class='ocrx_word' id='word_1_249' title='bbox 214 3077 271 3116; x_wconf 72' lang='lat' dir='ltr'><strong>rac..</strong></span> <span class='ocrx_word' id='word_1_250' title='bbox 280 3079 336 3110; x_wconf 81' lang='lat' dir='ltr'><strong>run.</strong></span> <span class='ocrx_word' id='word_1_251' title='bbox 348 3079 366 3110; x_wconf 83' lang='grc' dir='ltr'><strong>ι.</strong></span> <span class='ocrx_word' id='word_1_252' title='bbox 571 3077 591 3118; x_wconf 77' lang='lat' dir='ltr'>U</span> 
     </span>
    </p>
   </div>
   <div class='ocr_carea' id='block_1_4' title="bbox 0 0 1280 3500">
    <p class='ocr_par' dir='ltr' id='par_1_6' title="bbox 0 0 1280 3500">
     <span class='ocr_line' id='line_1_36' title="bbox 0 0 1280 3500; baseline 0 3"><span class='ocrx_word' id='word_1_253' title='bbox 0 0 1280 3500; x_wconf 95' lang='lat' dir='ltr'><strong> </strong></span> 
     </span>
    </p>
   </div>
  </div>
 </body>
</html>
