2550 3500
176 412 334 464 mmm
370 348 565 403 ANNALIUM
578 348 656 402 x111.
674 354 777 401 29—84.
918 354 968 401 285

175 469 264 523 Casas
274 463 377 536 nequis
393 464 558 535 magistratus
574 467 619 519 aut
634 467 791 536 procurator,
807 463 852 535 qui
867 464 968 534 provin

175 544 242 599 eiam
262 542 395 606 obtineret,
418 541 590 611 spectaculum
607 541 776 614 gladiatorum
793 546 839 595 aut
857 540 968 595 terarum

176 626 222 677 aut
235 618 304 692 quod
315 616 383 674 aliud
394 618 519 674 ludicrum
531 618 624 675 ederet.
661 620 729 675 Nam
741 623 802 674 aute
816 637 870 674 non
883 619 989 674 minuat

175 698 223 754 tali
234 697 370 769 largitione
381 712 456 766 quam
468 696 632 767 corripiendis
644 696 758 768 pecuniis
770 696 898 769 subjectos
910 695 968 750 affli—

140 784 144 837 t
176 775 280 848 gabant,
294 774 353 829 dum
371 788 427 843 qua
443 772 547 828 libidine
563 772 729 845 deliquerant,
746 773 843 829 ambitu
859 790 969 845 propug-

176 856 248 908 nant.
284 850 391 905 Factum
412 853 439 904 et
459 852 725 906 senatusconsultum
742 851 834 906 ultioni
848 851 924 923 juxta
942 849 1014 904 etan

178 928 318 993 securitati,
334 930 365 981 ut
381 926 476 997 siquis
492 942 508 981 a
525 926 578 982 auia
596 928 676 983 serris
693 928 843 984 interiectus
859 930 934 992 asset,
951 926 970 981 ii

178 1023 280 1077 qaoque
305 1003 349 1075 qui
372 1007 525 1058 testmnento
548 1005 697 1060 manumissi
720 1005 768 1061 sub
791 1004 879 1060 eodem
899 1007 970 1059 tecto

177 1082 338 1146 mansissent,
348 1080 415 1135 inter
427 1098 513 1135 servos
526 1080 650 1153 supplicia
661 1082 807 1154 penderent.
842 1080 992 1138 Redditurt

178 1160 263 1215 ordini
285 1158 383 1213 Lucius
404 1156 499 1213 Varius
522 1160 669 1226 consularis,
692 1160 803 1215 avaritia
823 1158 971 1215 criminibus

179 1237 240 1291 olim
251 1235 390 1307 perculsus
425 1235 461 1290 ut
472 1236 612 1307 Pomponia
624 1237 740 1293 Gracina
750 1237 858 1309 insignis
869 1236 992 1304 feminas

179 1312 290 1377 Plautio,
307 1312 351 1384 qui
368 1329 446 1367 orans
463 1330 491 1367 se
509 1312 540 1368 de
558 1313 698 1369 Britanniis
716 1314 824 1382 rettulit,
841 1318 923 1385 nupta
942 1330 972 1367 ac

180 1390 369 1461 superstitionis
381 1394 492 1443 externa
503 1408 553 1455 rea,
566 1392 651 1446 mariti
660 1390 756 1463 judicio
767 1390 896 1462 penuiaaa
932 1390 994 1448 Isi

180 1466 321 1539 quopiisco
327 1465 454 1531 instituto,
463 1466 610 1537 propinquis
620 1486 712 1533 eoram,
721 1467 753 1523 de
765 1469 848 1539 capite
856 1467 972 1537 famaque

181 1544 297 1615 conjugis
309 1542 435 1614 cognorit,
448 1546 475 1597 ct
492 1542 618 1599 insontem
634 1545 771 1599 nuntiarit.
806 1544 898 1615 Longa
912 1543 973 1598 huic

181 1620 328 1692 Pomponia,
346 1624 408 1674 atas
426 1624 453 1673 et
474 1620 594 1675 continua
610 1621 718 1676 tristitia
734 1622 792 1676 fuit.
828 1621 897 1675 Nam
913 1623 995 1691 posta

181 1698 277 1754 Julian
299 1696 381 1753 Drusi
403 1695 480 1752 tiliam
504 1695 562 1752 dolo
581 1698 728 1754 Messalina
747 1698 907 1755 mtcrfectam
927 1715 973 1768 per

182 1775 353 1847 quadraginin
369 1793 447 1829 annos
465 1791 518 1829 uon
537 1775 609 1830 cultu
625 1776 677 1831 nisi
692 1776 803 1848 lugubri,
821 1795 873 1831 non
891 1775 973 1830 mimo

182 1853 233 1907 nisi
251 1857 339 1907 maesto
360 1851 421 1923 egit.
464 1851 546 1923 quue
566 1851 604 1908 illi
622 1853 784 1924 imperitante
802 1853 910 1909 Claudio
928 1852 974 1907 im·

182 1947 259 2002 pune,
271 1947 331 1984 mox
342 1928 374 1983 ad
386 1927 491 2000 gloriam
502 1929 589 1984 vortit.

219 2005 292 2061 Idem
304 2023 385 2060 annua
396 2005 481 2076 plures
492 2023 549 2061 reos
561 2006 658 2062 habuit.
695 2007 812 2068 Quorum
820 2007 850 2062 P.
860 2006 973 2062 Celerem
982 2018 1019 2072 33

184 2085 320 2138 accusante
331 2083 399 2148 Asia,
416 2083 476 2154 quia
491 2082 621 2139 absolvere
635 2085 757 2155 nequibat
775 2084 868 2149 Cesar,
885 2083 973 2147 traxit,

184 2163 289 2216 senecta
305 2157 385 2214 donoc
401 2163 509 2215 mortem
527 2159 617 2216 obiret.
653 2161 721 2216 Nam
739 2161 813 2215 Celer
830 2159 997 2224 interiectos

184 2243 215 2292 ut
233 2235 379 2301 memorari,
398 2237 482 2292 Silano
500 2238 657 2308 proconsule,
679 2237 854 2310 magnitudine
875 2236 976 2291 sceleris

185 2318 272 2370 cetera
283 2312 380 2384 flagitia
394 2313 539 2386 obtegebat.
576 2313 755 2369 Cossutianum
773 2314 923 2385 Capitonem
935 2312 998 2381 (li-3

185 2392 247 2447 bees
270 2389 414 2446 detulerant
436 2391 592 2446 mendosam
618 2390 769 2462 foedumque,
794 2396 821 2446 et
844 2391 911 2446 idam
933 2389 976 2462 jus

187 2467 298 2524 sumna
316 2465 344 2521 iu
363 2467 492 2538 provincia
509 2472 592 2523 ratum
610 2467 679 2538 quod
695 2469 723 2522 in
739 2467 803 2523 urbe
820 2473 975 2523 exercuerat.

187 2545 238 2602 aed
249 2543 375 2618 pervicaci
387 2544 545 2600 accusatione
558 2545 719 2600 conflictatus
728 2549 857 2617 postremo
871 2543 999 2610 defensi-4

186 2643 261 2680 onem
272 2621 368 2686 omisit,
381 2639 412 2674 ac
421 2620 478 2692 lage
489 2621 685 2693 repetundarum
697 2621 830 2677 damnum
842 2626 890 2677 est.
925 2621 977 2676 Pro

186 2701 266 2772 Eprio
284 2697 416 2763 Marcello,
433 2715 450 2752 a
464 2716 514 2769 quo
529 2697 603 2770 Lycii
619 2717 662 2754 res
678 2699 834 2770 repetebant,
853 2717 883 2754 eo
896 2714 978 2767 usque

188 2778 299 2833 ambitus
315 2774 456 2848 procrebuit,
474 2779 505 2830 ut
522 2775 623 2848 quidam
638 2782 814 2832 acoumtomm
831 2777 887 2848 ejus
904 2773 980 2830 exilio

188 2855 365 2921 multarentur,
377 2858 499 2925 tanquam
510 2852 605 2909 insonti
616 2854 757 2926 periculum
768 2854 897 2910 fecissent.

224 2933 329 2990 Nerone
339 2931 447 2988 tertium
459 2929 571 3001 consule,
580 2931 656 2987 simul
666 2932 725 2988 iniit
737 2931 896 2989 musulatum
904 2927 1025 2996 Vale-34
