2550 3500
298 322 346 375 174
631 314 757 368 TACITI'

924 384 1087 434 [anema.

274 434 468 504 tultionem'que
484 430 552 487 haud
570 432 676 487 obscure
693 430 821 504 poscebat.
857 432 915 488 Neo
931 452 1002 489 mora
1023 437 1089 507 quin

297 510 492 575 decerneretur;
510 512 537 564 et
557 509 705 564 trahebatur
725 509 867 576 damnatus,
892 514 1017 581 quantum
1041 514 1090 569 ob-

297 588 374 643 ducta
385 590 455 642 veste
467 590 494 641 et
506 586 617 641 astrictis
634 586 750 642 faucibus
767 587 817 641 niti
832 590 941 658 poterat,
952 588 1090 644 clamitans

275 666 334 721 asic
345 664 457 720 inchoari
469 682 569 730 annum,
585 664 630 718 bas
650 664 741 735 Sejauo
756 665 872 719 victimas
890 665 988 721 cadere.
1025 667 1090 725 Quo

297 742 447 797 intendisset
459 741 552 806 oculos,
566 759 616 813 quo
627 742 706 797 verba
716 741 866 808 acciderent,
879 742 948 815 tuga,
960 744 1090 811 vastitas3

274 818 488 884 adescriitinera,
502 818 564 873 fora,
594 818 629 873 Et
641 818 744 889 quidam
756 818 963 891 regrediebantur
975 825 1092 875 ostenta-
1139 813 1141 832 ²

297 896 409 968 bautque
421 914 567 961 satureum,
580 895 607 951 id
618 896 702 967 ipsum
713 900 834 967 paventes
847 897 915 967 quod
930 898 1090 953 timuissent.

275 974 382 1033 sunem
394 973 461 1028 enim
473 972 539 1027 diem
550 991 658 1028 vacuum
669 991 750 1044 poena,
761 973 807 1029 ubi
817 974 885 1029 inter
896 992 968 1030 saera
978 978 1005 1029 et
1017 979 1091 1041 vote,

298 1069 349 1123 quo
360 1054 473 1121 tempore
484 1049 568 1105 verbis
580 1050 658 1105 etiarn
668 1049 780 1121 profanis
798 1050 921 1105 abstineri
938 1070 993 1106 mos
1008 1056 1091 1118 esset,

276 1128 380 1183 6vincla
392 1132 418 1183 et
429 1128 533 1199 laqueus
545 1126 720 1181 inducantur?
745 1128 771 1180 N
771 1145 806 1181 on
816 1127 1002 1198 imprudentem
1013 1129 1093 1185 Tibe·

297 1206 364 1261 rium
374 1208 473 1259 tantam
485 1203 605 1259 invidiam
617 1203 717 1259 adisse:
736 1204 871 1274 quaesitum
885 1204 1093 1277 meditatamque

298 1301 331 1338 ne
343 1282 404 1353 quid
415 1282 536 1354 impedire
547 1280 666 1336 credatur
677 1298 727 1351 quo
739 1281 823 1336 minus
838 1283 899 1337 novi
911 1283 1091 1354 magistratus,

299 1378 350 1431 quo
368 1358 442 1414 modo
463 1358 568 1413 delubra
588 1362 614 1413 et
633 1358 730 1424 altaria,
749 1359 786 1413 sic
802 1377 928 1414 carcerem
945 1360 1092 1417 recludant.

278 1434 399 1492 tssecutae
419 1436 522 1507 insuper
542 1436 634 1490 litterae
655 1439 741 1507 grates
755 1440 859 1508 agentes
879 1436 947 1507 quod
959 1437 1093 1492 hominem

298 1514 427 1569 infensum
437 1513 476 1568 rei
487 1512 593 1585 publicae
605 1512 771 1583 punivissent,
785 1513 883 1585 adjecto
898 1514 1024 1585 trepidam
1040 1514 1093 1569 sibi

299 1592 385 1657 vitam,
399 1595 529 1662 suspectas
547 1590 705 1645 inimicorum
721 1590 832 1656 insidias,
851 1590 921 1645 nullo
938 1592 1094 1646 nominatim

300 1668 464 1739 compellat03
482 1685 564 1738 neque
584 1670 672 1721 tamen
690 1666 855 1722 dubitabatur
872 1668 900 1721 in
916 1668 1048 1723 Neronem
1062 1672 1094 1723 et

256 1733 466 1818 ”Agrippinam
484 1743 590 1800 intendi.
626 1744 664 1799 Ni
683 1744 745 1799 mihi
759 1744 915 1800 destinatum
930 1746 999 1800 foret
1012 1762 1094 1800 suum

300 1841 406 1895 quaeque
413 1823 441 1877 iu
449 1839 542 1876 aunum
554 1821 656 1886 referre,
665 1821 755 1877 avebat
767 1823 865 1876 animus
874 1822 979 1891 anteire,
990 1823 1096 1877 statim

300 1920 349 1972 que
378 1917 515 1954 memorare
539 1898 630 1963 exitus,
656 1916 721 1969 quos
746 1899 864 1954 Latinius
894 1903 971 1971 atque
993 1900 1095 1970 Opsius

300 1978 427 2048 ceterique
449 1976 541 2048 fiagitii
564 1975 620 2048 ejus
643 1980 785 2047 repertores
802 1977 920 2042 habuere,
939 1995 991 2031 non
1013 1977 1095 2032 modo

300 2059 434 2128 postquam
455 2053 484 2108 Ο.
498 2053 583 2108 Caesar
603 2070 689 2108 rerum
710 2053 808 2124 potitus
832 2057 880 2118 est,
902 2053 947 2109 scd
968 2054 1096 2110 ineolumi

300 2132 420 2192 'liberios
440 2131 491 2202 qui,
510 2129 634 2184 scelerum
651 2130 782 2185 ministros
801 2133 832 2185 ut
851 2131 963 2202 perverti
979 2131 1012 2186 ab
1033 2131 1094 2186 aliis

300 2210 409 2274 nolebat,
429 2209 466 2263 ita
483 2207 629 2278 plerumque
653 2207 768 2273 satiatus,
787 2211 814 2262 et
831 2208 923 2264 oblatis
939 2209 968 2262 in
983 2208 1095 2263 andem

279 2293 400 2358 toperam
419 2285 571 2350 recentibus,
588 2288 688 2340 veteres
705 2289 732 2340 et
750 2303 892 2357 praegraves
908 2286 1003 2341 afflixit.
1039 2285 1096 2340 Ve-

301 2383 359 2418 rum
370 2364 415 2418 has
429 2367 505 2434 atque
523 2362 584 2417 alias
602 2362 715 2416 sontium
732 2380 818 2432 poenas
832 2363 860 2416 in
875 2365 991 2434 tempore
1006 2362 1095 2418 cade

280 2447 366 2496 umus
402 2441 468 2496 Turn
492 2441 590 2496 censuit
614 2440 719 2495 Asinius
739 2440 834 2506 Gallus,
855 2441 930 2512 cujus
952 2441 1095 2496 liberorum

302 2518 444 2590 Agrippina
455 2521 592 2573 matertera
603 2521 667 2585 erat,
674 2517 811 2588 petendum
820 2536 836 2571 a
846 2519 959 2590 principe
967 2523 1094 2594 utmetus

279 2600 362 2650 tsuos
386 2596 486 2650 senatui
508 2595 634 2650 fateretur
658 2595 817 2665 amoverique
837 2595 940 2650 sineret.
984 2595 1095 2652 Nullam

302 2691 373 2743 aque
393 2671 517 2738 Tiberius,
538 2675 569 2726 ut
590 2671 702 2738 rebatur,
722 2690 755 2727 ex
774 2671 913 2728 virtutibus
936 2672 990 2728 suis
1015 2690 1095 2744 quam

303 2749 527 2804 dissimulationem
550 2747 679 2818 diligebat.
714 2749 753 2804 Eo
771 2749 863 2822 agrius
880 2750 979 2821 accepit
995 2749 1096 2806 recludi

161 2903 165 2914 ι
280 2837 358 2898 oquae
371 2829 503 2898 premeret.
535 2825 586 2880 Sed
597 2825 725 2898 mitigavit
735 2827 850 2898 Sejanus,
860 2826 986 2882 nonGalli
997 2845 1093 2893 amore,

303 2923 391 2961 verum
413 2909 444 2958 ut
467 2903 641 2960 cunctationes
664 2904 785 2978 principis
808 2904 975 2976 opperiretur,
995 2923 1093 2977 gnarus

1139 1912 1141 1943 l
