2550 3500
165 432 184 469 A
204 430 223 468 D
241 429 285 479 ⁵8]
357 366 552 415 ANNALIUM
572 366 651 414 XIII.
669 366 771 417 34—37.
912 366 960 418 287

165 498 216 550 que
229 479 310 547 miles,
323 478 367 550 qui
378 478 471 535 fascem
484 478 610 551 lignorum
622 476 747 551 gestabat,
755 477 793 532 ita
801 477 960 550 preriguissa

164 574 266 621 manus,
279 566 310 611 ut
322 556 392 611 ouen‘
404 556 560 611 adhaerentes
572 556 670 611 truncis
681 555 790 611 brachiis
807 555 958 611 deciderent.

164 634 228 704 Ipse
244 633 317 688 cultu
333 632 390 699 levi,
408 633 491 704 capite
505 634 609 699 intecto,
627 634 656 687 in
670 634 777 705 agmine,
790 634 817 687 in
832 632 984 692 laboribus?

164 711 287 781 frequens
312 709 533 776 adesse31eudem
556 710 675 775 strenuis,
697 710 815 766 solatium
835 710 958 777 invalidis,

141 774 144 843 l
165 788 313 857 exemplum
330 788 446 843 omnibus
464 786 605 843 ostendere.
642 788 749 855 Dehinc,
765 787 825 859 qnia
841 787 984 845 duritiams

165 865 221 920 caeli
239 865 385 936 militisque
403 865 477 920 multi
495 864 639 920 abnuebant
657 864 863 938 deserebantque,
880 884 960 920 reme·

165 942 237 997 dium
259 944 396 997 severitate
413 943 548 1013 quesitum
565 945 612 999 est.
649 942 706 997 Nec
718 943 793 1008 enim,
811 947 842 997 ut
859 943 887 997 in
904 942 983 1004 aliis9

165 1019 328 1087 exercitibus,
348 1020 457 1090 primum
475 1019 632 1091 alterumque
650 1019 771 1075 delictum
786 1021 860 1075 venia
874 1038 960 1091 prose·

166 1096 302 1167 quebatur,
316 1097 362 1151 sed
373 1098 416 1168 qui
428 1098 502 1170 signs
515 1098 660 1169 reliquerat,
673 1098 761 1152 statim
777 1098 859 1169 capite
873 1116 959 1169 poenas

164 1173 261 1229 luebat.
297 1173 379 1244 quue
396 1193 447 1229 usu
465 1174 565 1230 salubre
582 1178 608 1230 et
626 1174 798 1229 misericordia
812 1175 901 1230 melius
918 1194 959 1246 ap·
971 1188 1000 1236 ιο

164 1251 268 1321 parmt:
288 1250 381 1323 quippe
392 1252 522 1323 pauciores
534 1252 577 1307 illa
592 1255 677 1307 castra
692 1250 824 1307 deseruere
839 1271 913 1324 qnam
929 1272 959 1308 eu

165 1328 195 1383 in
219 1327 312 1399 quibus
330 1328 516 1400 ignoscebatur.
552 1329 661 1383 Interim
684 1328 795 1384 Corbulo
818 1330 1006 1401 legionibus36

164 1404 234 1460 intra
245 1408 329 1460 eastra
341 1405 441 1472 habitis,
455 1406 534 1461 donee
545 1425 590 1461 ver
602 1405 763 1472 adolesceret,
781 1406 959 1478 depositisque

165 1500 212 1553 per
235 1482 339 1537 idoneos
362 1482 431 1538 locos
455 1482 601 1539 cohortibus
625 1482 770 1548 auxiliariis,
794 1502 828 1538 ne
847 1502 958 1555 pugnam

165 1564 262 1636 priores
287 1564 386 1621 adirent
406 1565 528 1637 predicit.
565 1565 660 1619 Curam
676 1564 850 1635 praesidiorum
866 1566 982 1621 Paccio2

165 1642 248 1698 Orfito
271 1642 391 1714 primipili
410 1644 505 1698 honore
525 1643 659 1713 perfrmoto
679 1642 789 1697 mandat.
825 1643 861 1709 Is,
881 1662 958 1715 quan-

166 1738 242 1792 quam
259 1720 375 1776 incautos
392 1719 513 1776 barbaros
536 1723 563 1776 et
586 1719 651 1776 bene
674 1720 791 1792 gerendse
810 1720 848 1776 rei
871 1738 957 1777 cusum

165 1798 251 1852 offerri
259 1799 402 1870 scripserat,
414 1803 502 1854 tenere
512 1817 539 1853 se
548 1798 711 1853 munimentis
721 1802 747 1853 et
756 1798 863 1870 majores
872 1800 956 1871 copias

165 1875 276 1945 opperiri
285 1875 397 1946 jubetur.
435 1875 485 1931 Sed
500 1879 577 1946 rupto
591 1875 704 1946 imperio,
721 1879 855 1948 postquam
869 1889 980 1948 paucae3

165 1970 181 2006 e
193 1951 312 2022 proximis
325 1952 434 2008 castellis
444 1956 535 2008 turmae
545 1952 699 2008 advenerant
710 1971 871 2025 pugnamque
879 1955 956 2026 impe

164 2029 226 2084 ritia
242 2029 386 2099 poscebant,
405 2047 557 2101 confflessus
580 2047 639 2086 oum
662 2030 737 2085 hoste
759 2030 884 2086 funditur.
919 2031 980 2086 Etr

165 2105 257 2160 damno
269 2105 325 2176 ejus
337 2107 453 2162 exterriti
464 2107 508 2178 qui
520 2106 662 2162 subsidium
672 2106 739 2162 serre
751 2106 896 2173 debuerant,
910 2127 956 2163 sua

165 2182 407 2254 quisqueincsstra
418 2183 518 2256 trepido
531 2183 594 2255 fuga
609 2182 714 2238 rediere.
751 2183 829 2243 Quod
844 2184 979 2255 graviters
1083 2187 1088 2196 '

165 2259 277 2317 Corbulo
294 2260 399 2330 accepit,
417 2261 618 2333 increpitumque
641 2259 761 2316 Paccium
778 2264 805 2315 et
822 2261 955 2332 prefectos

164 2339 308 2408 militesque
319 2336 423 2392 tendere
439 2343 512 2394 entra
526 2337 620 2393 vallum
633 2337 720 2408 jussit.
755 2337 838 2409 Inque
855 2357 885 2394 ea
896 2348 978 2396 oon-6

164 2415 270 2471 tumelie
281 2411 386 2482 detenti,
393 2433 440 2470 nec
451 2415 501 2470 nisi
509 2413 626 2486 precibus
639 2414 751 2469 universi
759 2415 885 2472 exercitus
897 2435 954 2472 exo

164 2494 213 2550 luti
236 2495 304 2548 sunt.
340 2492 377 2546 At
394 2491 527 2558 Tiridates,
546 2510 623 2563 super
640 2491 754 2562 proprias
775 2492 888 2548 clintelas
905 2513 953 2566 ope
963 2499 1000 2558 37

164 2570 285 2643 Vologesi
303 2567 390 2624 fratris
414 2569 523 2641 adjutus,
544 2587 597 2624 non
619 2568 709 2624 furtim
730 2569 783 2640 jam
806 2570 851 2626 sed
871 2571 954 2642 palam

164 2648 228 2705 bello
240 2648 368 2704 infensare
381 2647 534 2716 Armeniam,
547 2664 661 2718 quosque
678 2645 742 2702 fidos
753 2647 826 2704 nobis
840 2649 951 2715 rebatur,

164 2725 317 2798 depopulari,
330 2727 357 2778 et
370 2723 392 2778 si
403 2723 482 2794 oopiae
493 2728 583 2780 contra
594 2723 755 2790 ducerentur,
768 2724 877 2788 eludere,
892 2727 953 2782 huc·

165 2821 212 2873 que
224 2808 250 2859 et
261 2801 323 2858 illuc
334 2800 444 2856 volitans
459 2801 532 2872 plura
545 2801 612 2856 fame
626 2820 703 2872 quam
716 2821 802 2875 pugna
817 2806 951 2858 exterrere.

165 2880 248 2951 Igitur
266 2878 379 2936 Corbulo
401 2877 508 2950 quaesito
526 2877 570 2934 diu
586 2879 672 2951 praelio
688 2879 785 2935 frustra
800 2879 910 2948 habitus,
926 2883 976 2940 ets

166 2958 277 3032 exemplo
295 2957 409 3016 hostium
425 2956 586 3014 cncumferre
598 2955 693 3014 bellum
710 2961 820 3025 coactus,
835 2957 953 3030 dispertIt
