2550 3500
286 401 332 449 126
616 400 735 449 TACITI
1055 463 1057 465 v

913 465 947 513 [A.
956 464 985 504 11.
995 464 1016 504 0,
1026 465 1075 507 lib.

281 511 389 566 Dianam
408 512 485 582 atque
503 510 646 581 Apollinem
663 512 729 567 Delo
748 512 863 584 genitos:
882 531 938 569 esse
955 514 1021 585 apud
1041 531 1071 569 se

282 588 433 643 Cenchrium
446 606 551 653 amnem,
561 588 647 643 lucum
656 589 798 661 Ortygiam,
807 590 852 645 ubi
860 590 983 646 Latonam
992 595 1072 662 partu

282 666 411 737 gravidam
429 669 455 721 et
476 666 545 732 oleae,
568 686 624 737 quae
642 671 699 721 tum
722 668 799 723 etiarn
821 672 930 734 maneat,
955 670 1072 724 annisum

282 742 389 797 edidisse
410 760 440 797 ea
456 742 574 809 numina3
593 742 747 815 deorumque
764 745 865 800 monitu
881 749 1009 801 sacratum
1025 764 1072 800 nc-

260 826 345 873 2mus.
381 821 468 891 Atque
490 820 573 890 ipsum
597 820 648 875 illic
672 820 815 891 Apollinem
837 826 896 892 post
919 822 1071 877 interfectos

282 895 404 967 Cyclopas
416 896 488 951 Jovis
500 896 563 950 iram
574 896 702 951 vitavisse.
738 898 803 952 Mox
819 898 942 953 Liberum
960 903 1070 969 patrem,

280 972 346 1028 hello
374 974 503 1038 victorem,
533 972 688 1045 supplicibus
720 975 885 1041 Amazonum,
914 994 971 1047 quae
998 994 1072 1031 aram

162 1046 168 1057 ⁴
259 1050 431 1115 tinsederant
444 1049 579 1122 ignovisse.
616 1051 726 1106 Auctam
737 1050 797 1105 hine
808 1070 930 1108 concessu
938 1052 1070 1118 Herculis,

168 1194 174 1207 ¹
281 1146 339 1183 oum
347 1127 428 1199 Lydia
439 1122 577 1198 poteretur,
586 1128 753 1183 caerimoniam
764 1129 872 1199 templo,
888 1148 971 1200 neque
977 1130 1072 1184 Persa-

280 1222 338 1259 rum
361 1204 456 1259 ditione
477 1202 634 1259 deminutum
651 1204 702 1275 jus.
738 1205 802 1259 Post
822 1205 984 1271 Macedonas,
1008 1205 1072 1261 dein

236 1286 326 1342 62nos
350 1281 497 1337 servavisse.
544 1281 658 1336 Proximi
684 1281 821 1353 Magnetes
841 1282 873 1338 L.
893 1282 1016 1354 Scipionis
1041 1286 1071 1337 et

279 1359 311 1414 L.
330 1358 405 1414 Sulla
423 1358 568 1413 constitutis
584 1358 739 1424 nitebantur,
758 1378 866 1431 quorum
881 1360 924 1415 ille
940 1360 1070 1414 Antiocho

279 1436 321 1491 hic
336 1436 487 1491 Mithridate
499 1436 578 1507 pulsis
590 1435 666 1491 fidem
680 1439 758 1505 atque
774 1439 898 1492 virtutem
915 1438 1071 1509 Magnetum

280 1512 436 1579 decoravere,
452 1513 492 1569 uti
510 1513 599 1568 Dianae
616 1513 807 1585 Leucophrynae
823 1514 968 1585 perfugium
985 1514 1071 1569 invio-

258 1590 353 1646 suble
371 1591 445 1647 foret.
481 1590 690 1661 Aphrodisienses
702 1591 808 1661 posthac
826 1595 853 1645 et
866 1591 1069 1645 Stratonicenses

280 1666 411 1723 dictatoris
424 1668 539 1736 caesaria,
551 1666 583 1722 ob
595 1666 732 1722 vetustain
742 1668 823 1738 partis
832 1668 929 1732 merita,
940 1671 966 1723 et
978 1686 1070 1723 recens

279 1744 332 1800 divi
349 1745 462 1817 Augusti
479 1744 609 1800 decretum
627 1744 743 1810 attulere,
762 1744 859 1800 laudati
876 1744 944 1817 quod
960 1744 1070 1800 Partho-

278 1841 336 1876 rum
356 1821 522 1893 irruptionem
541 1821 604 1876 nihil
621 1825 720 1876 mutata
736 1822 764 1876 in
781 1823 903 1893 populum
922 1823 1070 1877 Romanum

257 1899 422 1955 tconstantia
438 1897 609 1970 pertulissent.
658 1898 709 1953 Sed
725 1899 960 1970 Aphrodisiensium
977 1900 1070 1956 civitas

279 1977 394 2043 Veneris,
414 1975 639 2031 Stratonicensium
660 1977 735 2032 Jovis
754 1982 781 2032 et
802 1977 893 2032 Triviae
911 1977 1068 2049 religionem,

257 2055 425 2111 sinebantur.
461 2053 547 2108 Altius
565 2053 807 2110 Hierocaesarienses
825 2073 971 2126 exposuere,
984 2055 1070 2110 Persi-

279 2150 334 2188 cam
346 2131 412 2204 apud
424 2150 451 2187 se
463 2130 579 2197 Dianam,
593 2129 725 2186 delubrum
737 2151 797 2204 rege
815 2132 882 2204 Cyro
895 2132 1006 2188 dicatum
1013 2155 1021 2199 ;
1041 2137 1069 2187 et

278 2209 480 2264 memorabantur
492 2207 633 2278 Perpernae,
650 2208 765 2274 Leunoi,
782 2209 912 2281 multaque
926 2209 975 2264 alia
990 2210 1070 2280 impe

277 2293 392 2341 ratorum
415 2287 523 2352 nomina,
549 2285 593 2357 qui
615 2304 667 2341 non
684 2287 759 2342 modo
777 2288 881 2359 templo,
903 2286 949 2343 sed
967 2286 1068 2344 duobus

256 2363 387 2420 tmillibus
397 2381 524 2434 passuum,
535 2361 640 2418 eandem
648 2363 810 2419 sanctitatem
819 2364 971 2419 tribuerant.
997 2365 1069 2420 Exin

278 2441 365 2512 Cyprii
382 2441 463 2496 tribus
480 2441 599 2506 delubris,
618 2459 726 2511 quorum
740 2442 944 2497 vetustissimum
961 2442 1067 2514 Paphiae

277 2518 373 2573 Veneri
384 2523 472 2573 auctor
489 2519 586 2583 Aerias,
600 2528 658 2588 post
670 2518 736 2573 filius
753 2519 808 2590 ejus
823 2519 950 2574 Amathus
968 2520 1067 2576 Veneri
1141 2532 1142 2561 ³

277 2595 441 2662 Amathusiae,
453 2599 479 2650 et
491 2595 508 2649 J
509 2595 548 2650 o'vi
562 2594 696 2650 Salaminio
707 2595 812 2662 Teucer,
825 2597 968 2652 Telamonis
983 2597 1066 2668 patris

231 2673 268 2727 63
277 2672 314 2728 ira
325 2673 456 2744 profugus,
469 2671 620 2742 posuissent.
653 2672 756 2728 Anditoe
767 2673 873 2729 aliarum
888 2692 988 2746 quoque
1005 2674 1068 2730 civi-

255 2750 370 2806 2tatium
390 2748 536 2821 legationes.
572 2747 690 2808 Quorum
701 2750 774 2820 copia
784 2751 846 2807 fessi
858 2755 950 2822 patres,
967 2752 1070 2822 etquis

277 2827 368 2882 studiis
392 2825 544 2890 certabatur,
563 2825 708 2881 consulibus
731 2829 867 2899 permisere
884 2832 915 2883 ut
932 2833 1068 2899 perspecto

275 2904 340 2976 jure,
366 2907 392 2960 et
404 2905 426 2959 si
444 2921 494 2975 qua
513 2901 633 2973 iniquitas
656 2902 836 2971 involveretur,
861 2923 915 2960 rem
937 2905 1069 2977 integram

255 2993 378 3040 anasum
402 2981 434 3038 ad
458 2986 573 3038 senatum
596 2979 729 3039 referrent.
773 2981 905 3052 Consules,
924 3000 1001 3054 super
1020 3001 1067 3040 eas
