2550 3500
180 476 199 514 Α
219 474 238 513 D
256 472 299 522 24]
391 408 586 457 ANNALIUM
604 408 648 459 IV.
668 408 769 459 17-20.
925 409 971 457 145

180 542 227 594 per
239 521 348 577 dedecus
361 537 434 576 suum
447 520 644 593 gratificabatur.
674 518 798 575 Precante
810 538 854 575 reo
866 520 967 575 breuem
979 529 995 574 2

179 618 285 665 moram,
299 598 357 653 dum
370 602 503 653 accusator
514 597 648 653 consulatu
666 598 754 664 abiret,
771 597 919 652 adversatus
931 602 971 651 est

179 678 283 733 Caesar:
314 676 417 730 solitum
441 674 534 747 quippe
558 674 749 747 magistratibus
773 674 840 729 diem
863 674 971 745 privatis

178 756 280 821 dicere3
307 772 353 809 nec
376 751 564 824 infringendum
588 752 698 807 consulis
714 754 766 825 jus,
785 752 858 825 cujus
875 752 968 824 uigiliis

178 834 308 888 niteretur
329 850 362 885 ne
383 829 452 901 quod
474 848 515 885 res
539 828 641 901 publica
660 830 841 885 detrimentum
861 833 971 901 caperet.

178 909 316 980 Proprium
328 908 355 962 id
369 906 470 962 'liberio
481 906 539 973 luit,
557 906 653 962 scelera
667 925 748 979 nuper
763 911 865 979 reperta
881 907 996 978 priscis8

180 986 266 1043 verbis
278 986 406 1057 obtegere.
442 982 528 1055 Igitur
540 984 621 1039 multa
637 986 828 1051 asseveratione,
842 985 915 1056 quasi
927 987 972 1038 aut

179 1063 280 1137 legibus
294 1080 352 1117 cum
365 1062 426 1116 Silio
438 1066 563 1133 ageretur,
578 1066 623 1116 aut
635 1060 718 1117 Varro
735 1060 831 1132 consul,
849 1066 894 1117 aut
909 1060 973 1117 illud

179 1158 221 1196 res
239 1140 342 1212 publica
359 1142 433 1207 esset,
452 1142 578 1211 coguntur
598 1142 701 1210 patres;
719 1140 809 1195 silente
826 1157 877 1205 reo,
890 1140 937 1207 vel,
950 1138 973 1194 si

180 1218 355 1273 defensionem
378 1219 508 1287 coeptaret,
532 1234 585 1270 non
608 1216 752 1271 occultante
772 1218 845 1289 cujus
861 1218 900 1271 ira
916 1236 970 1288 pre-

179 1299 301 1351 meretur.
339 1293 501 1348 Conscientia
517 1292 578 1349 belli
596 1293 712 1349 Sacrouir
729 1292 773 1349 diu
791 1294 997 1360 dissimulatum

180 1374 290 1429 uictoria
302 1388 347 1443 per
359 1371 489 1426 avaritiam
501 1370 602 1437 foedata,
617 1372 643 1427 et
659 1389 724 1426 uxor
741 1372 820 1438 Sosia,
834 1372 971 1443 argueban-

182 1457 235 1506 tur.
273 1450 331 1505 Ncc
351 1446 427 1503 dubie
449 1446 646 1519 repetundarum
664 1447 809 1505 criminibus
826 1448 995 1504 harebantzo

180 1527 227 1584 scd
239 1532 332 1583 cuncta
349 1520 488 1597 quastione
504 1526 645 1597 majestatis
661 1526 779 1592 exercito,
796 1530 823 1581 et
840 1525 915 1581 Silius
927 1526 971 1580 im-

180 1606 320 1661 minentem
333 1602 518 1657 damnationem
529 1604 673 1659 voluntario
685 1604 737 1659 flue
746 1604 884 1675 praevertit.
922 1604 972 1658 Se·
981 1607 1018 1662 20

180 1684 264 1739 vitium
286 1687 371 1736 tamea
394 1680 421 1735 in
441 1680 514 1746 bona,
538 1699 590 1735 non
613 1685 644 1736 ut
667 1679 836 1754 stipendiariis
859 1681 972 1754 pecunia

181 1760 358 1824 redderentur,
384 1776 492 1830 quorum
515 1775 589 1814 nemo
609 1756 756 1831 repetebat:
775 1759 821 1815 sed
836 1754 973 1816 liberalitas

182 1838 297 1910 Augusti
312 1836 405 1901 avidas,
424 1837 578 1907 computatis
594 1837 811 1910 singillatimque
828 1836 889 1893 fisa)
904 1842 973 1910 pete

181 1915 284 1970 bantur.
320 1915 360 1970 Ea
371 1913 453 1984 prima
464 1913 564 1968 Tiberio
577 1933 637 1986 erga
654 1916 787 1988 pecuniam
799 1912 905 1970 menum
917 1915 996 1970 dili-2

181 1993 271 2066 gentis
293 1989 351 2046 fuit.
400 1990 473 2045 Sosia
495 1991 523 2045 in
546 1991 649 2046 exilium
672 1988 777 2064 pellitur
799 1990 883 2048 Asinii
907 1993 973 2048 Galli

182 2069 318 2136 sententia,
343 2068 386 2139 qui
406 2071 505 2138 partem
522 2066 646 2123 bonorum
664 2067 848 2142 publicandam,
867 2086 925 2140 pars
942 2074 973 2124 ut

181 2147 271 2202 llbcris
295 2145 487 2215 relinqueretur,
512 2150 653 2201 censuerat.
690 2147 786 2202 Contra
808 2145 847 2201 M.
860 2146 998 2218 lepidast

183 2225 302 2296 quartam
314 2222 502 2278 accusatoribus
518 2223 656 2278 secundum
672 2224 884 2279 necessitudinem
901 2224 972 2296 legis,

183 2307 271 2357 cetera
282 2299 375 2365 liberis,
389 2299 521 2354 concessit.
558 2298 637 2356 Hunc
654 2320 701 2374 ego
713 2301 839 2372 Lepidum
854 2302 999 2372 tempori-4

182 2379 232 2434 bus
249 2377 299 2433 illis
315 2395 417 2449 gravem
430 2381 455 2432 et
468 2377 608 2448 sapientem
622 2379 705 2433 virum
721 2379 800 2433 fuisse
818 2380 973 2450 comperior:

183 2475 243 2511 narn
255 2455 377 2526 pleraque
390 2453 421 2509 ab
434 2455 506 2509 seems
523 2453 709 2510 adulationibus
724 2457 829 2510 aliorum
843 2457 870 2511 in
886 2458 975 2513 melius

183 2533 263 2588 flexit.
302 2529 395 2602 Neque
405 2535 492 2586 tarum
503 2535 697 2604 temperamenti
709 2533 808 2605 egebat,
824 2552 881 2589 cum
894 2553 977 2606 aqua·

183 2611 229 2666 bili
240 2608 395 2665 auctoritate
405 2614 431 2662 et
443 2609 526 2680 gratia
537 2609 605 2682 apud
614 2609 742 2665 Tiberium
754 2611 871 2683 viguerit.
899 2612 999 2667 Undat

185 2687 302 2743 dubitare
327 2699 412 2757 cogor,
433 2685 486 2740 lato
504 2689 530 2741 et
549 2691 618 2742 sorte
635 2688 761 2755 nascendi,
781 2696 811 2743 ut
829 2694 921 2754 cetera,
940 2690 977 2742 ita

185 2765 329 2837 principum
353 2761 482 2818 inclinatio
503 2763 530 2818 in
553 2764 607 2830 hos,
633 2764 737 2820 offensio
760 2767 788 2821 iu
804 2766 868 2831 illos,
888 2785 920 2820 an
943 2767 977 2819 sit

186 2841 280 2914 aliquid
299 2841 326 2895 iu
344 2839 437 2894 nostris
461 2839 578 2906 consiliis,
603 2842 728 2914 liceatque
751 2844 819 2898 iuter
842 2843 976 2912 abruptam

186 2917 371 2974 contumaciam
383 2921 409 2972 et
425 2913 536 2973 deforme
552 2919 701 2990 obsequium
717 2937 823 2992 pergere
834 2921 885 2974 iter
899 2915 976 2971 ambi-

187 2997 257 3052 tione
269 3013 300 3051 ac
311 2995 430 3066 periculis
443 3009 557 3052 vacuum.
592 2999 629 3052 At
647 2994 802 3052 Messalinus
817 2997 895 3050 Cotta
908 2991 1000 3048 haudo

211 3097 268 3129 rac..
277 3097 332 3127 rou.
345 3097 361 3127 ι.
573 3089 590 3127 1.
