2550 3500
301 372 348 417 242
635 366 754 414 TACITI

940 428 964 465 s.
975 426 1002 466 u,
1012 428 1035 466 c.
1043 427 1088 468 eos

276 488 292 533 2
303 478 420 535 exturbet
432 478 586 550 imperioque
597 478 653 549 ejus
669 479 774 549 potitur.
810 476 876 535 Quae
893 427 939 530 ubl
952 478 1090 547 cognitaet

302 560 351 629 jem
362 556 464 627 jamque
476 556 618 625 Bosporum
631 556 764 609 invasurus
776 552 923 617 habebatur,
941 552 1016 608 diffisi
1032 572 1089 622 pro
1143 583 1144 586 ¹

303 636 364 705 priis
377 633 472 689 viribus
484 632 577 702 Aquila
588 636 614 686 et
629 632 717 704 Cotys,
736 630 796 703 quie
811 630 928 685 Zorsines
945 631 1090 686 Siracorum

301 730 348 767 rex
358 710 460 766 hostilia
471 712 649 779 resumpserat,
668 714 785 764 externus
801 712 828 763 et
843 707 893 778 ipsi
909 708 1004 778 gratiss
1022 727 1092 779 quee-

303 790 383 845 sivere
394 787 478 842 missis
489 786 580 857 legetis
593 785 625 840 ed
636 786 768 851 Eunonen,
782 786 826 856 qui
843 784 1001 839 Adorsorum
1019 785 1092 856 genti

280 864 467 939 epraeccllebet.
503 864 560 918 Nec
583 863 633 917 fuit
656 863 684 917 in
706 863 785 917 arduo
809 862 925 927 societas,
948 863 1092 933 potentium

304 946 443 999 Romanum
467 940 586 995 adversus
607 939 724 995 rebellem
747 938 917 993 Mithridaten
939 940 1092 993 ostentanti·

302 1021 358 1076 bus.
407 1019 492 1091 Igitur
515 1018 641 1089 pepigere,
665 1016 824 1087 equestribus
846 1015 940 1086 proeliie
968 1016 1092 1071 Eunones

258 1100 418 1161 lbecrteret,
439 1094 538 1151 obsidia
560 1094 662 1149 urbium
683 1094 792 1149 Romani
811 1097 982 1164 capesserent.
1018 1094 1092 1149 Tunc

302 1175 441 1247 composito
461 1173 560 1245 agmine
578 1171 716 1237 incednnt;
735 1172 809 1243 cujus
833 1172 943 1225 frontem
966 1174 993 1225 et
1016 1175 1092 1243 terge

303 1252 403 1317 Adorei,
416 1250 498 1306 medie
509 1250 624 1305 cobortes
637 1253 664 1303 et
675 1248 816 1319 Bosporani
827 1247 979 1303 tutabantur
993 1249 1091 1303 nostris

281 1331 330 1387 2in
342 1330 425 1385 ermis.
457 1329 498 1385 Sic
507 1327 596 1399 pulsus
604 1326 694 1392 hostis,
702 1330 858 1396 ventumque
871 1325 960 1380 Soram
967 1325 1091 1396 oppidum

303 1407 459 1473 Denderieae,
472 1404 547 1477 quod,
560 1404 688 1459 desertum
701 1402 887 1468 aMitbridste,
906 1402 940 1457 ob
957 1402 1090 1474 ambiguos

303 1484 460 1557 popularium
472 1484 567 1538 enimes
584 1481 693 1536 obtineri
710 1480 799 1535 relicto
814 1480 851 1535 ibi
863 1479 981 1550 prresidio
997 1480 1089 1535 risum.

281 1564 371 1623 ellrin
382 1562 409 1617 in
421 1562 519 1617 Siracos
532 1562 649 1631 pergunt,
662 1562 689 1613 et
700 1557 852 1629 transgressi
864 1574 963 1611 emnem
975 1557 1091 1611 Pendem

304 1638 503 1696 circumveniunt
520 1636 606 1691 urbem
622 1636 720 1706 Uspen,
736 1634 831 1689 editam
848 1633 904 1689 loeo
921 1637 948 1688 et
964 1634 1090 1689 moenibus

305 1736 334 1774 uc
341 1717 415 1773 fossis
427 1715 557 1780 munitam,
570 1712 620 1768 uisi
632 1711 701 1783 quod
712 1711 804 1767 moenia
815 1728 867 1766 uon
878 1728 946 1777 sero,
957 1710 1003 1766 sed
1015 1712 1090 1767 cruti-

304 1796 352 1851 bus
364 1799 390 1850 et
402 1793 520 1850 vimentis
533 1809 561 1846 eo
573 1790 657 1846 media
667 1791 753 1855 humo,
771 1789 904 1844 adversm
920 1789 1090 1860 irrumpentes

304 1871 414 1928 invalide
433 1872 522 1935 ersnt;
540 1867 688 1937 eduotaeqne
705 1867 781 1921 ultius
796 1870 881 1921 turres
898 1865 996 1920 facibus
1013 1871 1090 1938 atque

250 1948 252 1952 ’
281 1951 385 2009 ebastis
396 1947 533 2004 turbabant
544 1945 669 2000 obsessos.
704 1946 744 1999 Ac
754 1944 782 1998 ni
792 1943 907 2015 prelium
915 1961 967 1998 nox
978 1943 1090 1999 dirersis

305 2041 352 2095 set,
372 2029 454 2099 coepte
473 2027 621 2096 patrataque
640 2021 794 2093 expugnatio
814 2021 920 2076 eundem
940 2021 1009 2076 intre
1024 2021 1090 2078 diem

156 2087 158 2092 ⁵
260 2101 294 2161 17
305 2108 379 2162 soret.
414 2105 521 2160 Postero
536 2101 627 2156 misere
643 2099 749 2170 legatos,
766 2099 863 2153 reniam
879 2097 965 2153 liberis
981 2100 1091 2170 corpori.

305 2185 353 2241 bus
373 2185 490 2239 orentes:
509 2178 605 2235 servitii
624 2176 711 2232 decem
730 2175 808 2230 millis
829 2174 976 2230 offerebant.
1012 2175 1091 2236 Quod

305 2260 432 2332 aspernati
443 2261 503 2313 sunt
518 2257 635 2319 victores,
651 2253 712 2324 quie
724 2251 851 2308 trucidare
870 2251 969 2307 deditos
985 2271 1089 2317 serrum,

304 2343 402 2393 tantem
414 2333 601 2390 multitudinem
614 2329 730 2386 custodie
740 2330 842 2400 cingere
854 2327 969 2395 erdunm,
984 2334 1014 2385 ut
1031 2331 1091 2386 belli

305 2416 390 2487 potius
403 2414 461 2485 jure
479 2410 604 2467 oederent.
641 2409 787 2477 Datumque
804 2405 934 2472 militibus,
954 2407 998 2477 qui
1015 2409 1090 2463 ecelis

281 2494 444 2555 2cveseraut,
463 2489 564 2560 signum
587 2483 670 2540 cedis.
709 2482 815 2539 Excidio
832 2483 989 2554 Uspensium
1004 2490 1090 2540 metus

306 2569 396 2625 ceteris
403 2568 519 2639 injectus,
527 2564 590 2619 nihil
597 2566 683 2617 tutum
691 2561 761 2625 retis,
771 2578 829 2615 cum
841 2579 917 2626 erma,
925 2561 1090 2630 munimenta,

305 2645 419 2717 impediti
437 2643 478 2698 vel
495 2643 633 2697 eminentes
651 2638 707 2702 loci,
726 2655 860 2709 amnesque
876 2641 903 2693 et
915 2637 1000 2704 urbes,
1016 2640 1092 2711 juxte

281 2723 533 2795 3perrumperentur.
569 2717 655 2788 Igitur
678 2715 801 2780 tortines,
822 2715 865 2769 diu
888 2715 1016 2786 pensitato
1040 2718 1092 2772 Mi.

305 2799 455 2856 thridatisne
472 2795 547 2850 rebus
564 2792 684 2848 extremis
701 2809 734 2844 un
750 2792 832 2862 petrio
849 2810 926 2864 regno
938 2794 1090 2860 consuleret,

304 2885 438 2950 postquem
461 2871 592 2943 praevaluit
615 2868 718 2940 gentilis
740 2870 846 2935 utilites,
871 2869 937 2925 detis
961 2871 1092 2928 obsidibus

305 2954 373 3027 epnd
383 2950 490 3022 effigiem
502 2946 608 3004 cernis
619 2945 762 3017 procubuit,
774 2965 865 3018 megne
876 2947 957 3018 gloria
962 2935 1091 3006 exereitus
