2550 3500
199 453 219 490 A
236 452 256 490 D
273 452 314 500 19]
419 389 615 438 ANNALIUM
633 389 669 438 11.
682 388 786 440 71-76.
964 390 996 442 87

199 507 295 568 torem,
320 501 421 556 etiamsi
447 501 577 556 temeritas
601 501 702 566 afuerit,
727 499 931 572 prepeditusque
961 500 996 556 sit

198 579 333 649 perculsas
362 581 403 632 tot
391 578 485 633 ttvic
486 579 546 633 oriis
571 577 720 633 Germanias
743 577 822 634 servi
810 577 847 632 io
868 595 994 666 premere.

200 655 307 714 Quodsi
325 654 394 709 solus
416 655 482 710 arbit
470 659 511 710 ter
531 673 623 720 rerum,
644 656 667 710 si
685 656 743 726 jure
762 658 789 710 et
806 654 907 709 nomine
924 654 1019 725 regio4

198 732 367 797 fuissettan
335 736 395 786 anto
414 731 556 803 promptius
576 737 750 788 assecuturum
769 729 874 804 gloriam
890 731 994 797 militia,

199 813 285 879 quant
285 827 327 864 um
345 809 516 875 clementiat
517 811 679 880 emperantia,
697 813 738 864 cet
739 809 788 864 eris
804 807 877 863 bonis
898 807 995 863 artibus

199 887 375 973 praestitisset.
412 886 511 956 Corpus
535 889 579 940 ant
581 905 670 974 equam
694 889 848 941 cremaretur
871 884 1019 940 nudatumt

199 962 229 1018 in
245 962 303 1017 foro
323 962 540 1028 Antiochensium,
561 963 687 1034 qu1locus
702 963 839 1034 sepultura
855 961 996 1018 destinaba·

199 1043 254 1104 tur,
265 1039 405 1110 praetulerit
406 1058 439 1094 no
394 1039 596 1095 tveneficii
576 1059 656 1111 signa,
664 1059 754 1112 parum
766 1039 890 1094 constitit.
926 1039 1019 1096 Nemo

199 1120 232 1170 ut
258 1117 316 1205 quis
340 1117 541 1172 misericordia
533 1137 561 1172 ιιι
582 1118 767 1182 Germanicum,
791 1120 818 1172 et
840 1121 996 1206 praesumpta

200 1193 348 1264 suspicione
369 1197 414 1248 aut
435 1195 544 1251 favore'
537 1214 565 1249 m
581 1194 701 1250 Pisonem
714 1195 823 1266 pronior,
846 1194 966 1250 diversi
958 1213 995 1248 m·

200 1273 302 1341 terpret
290 1269 418 1326 tabantur

238 1347 374 1402 Consultat
336 1351 418 1402 tatum
430 1347 540 1403 inde't
501 1368 528 1402 ιιι
528 1352 569 1404 ter
580 1348 648 1420 legat
649 1366 678 1402 os
690 1348 783 1419 quique
796 1347 838 1402 alii
849 1350 994 1403 senatorum
1003 1351 1042 1412 74

201 1423 316 1490 aderaut,
336 1425 452 1496 quisnam
471 1425 549 1497 Syriae
566 1426 744 1497 preficeretur.
779 1425 815 1480 nt
833 1426 924 1480 ceteris
941 1443 995 1480 mo·

201 1501 260 1556 dice
277 1501 348 1568 nisis,
366 1503 435 1558 inter
452 1503 556 1558 Vibium
573 1503 690 1558 Marsum
708 1507 735 1557 et
752 1502 799 1557 Gn.
813 1503 928 1557 Sentium
949 1502 995 1558 diu

201 1581 353 1650 quaesitum:
372 1581 432 1636 dein
442 1581 546 1636 Marsus
559 1581 653 1636 seniori
663 1584 689 1636 et
702 1580 784 1636 acrius
801 1580 918 1636 tendenti
934 1581 994 1635 Sen-
1026 1626 1028 1629 .

201 1658 240 1712 tio
253 1659 386 1714 concessit.
422 1659 501 1730 Isque
512 1659 631 1714 infamem
642 1659 770 1714 veneficiis
786 1677 817 1714 ca
827 1658 855 1713 in
858 1659 1017 1748 provinciaa

202 1734 381 1791 etPlancinae
404 1754 541 1807 percaram,
566 1736 668 1791 nomine
690 1735 863 1801 Martinam,
855 1755 883 1791 ιιι
905 1734 995 1791 urbem

201 1813 273 1867 misit
273 1814 545 1885 ,posbrlautibust
499 1814 545 1869 Vit
546 1814 603 1869 cllio
620 1832 649 1869 ac
665 1814 833 1869 Veraniot
792 1817 833 1869 oet
834 1814 934 1885 erisque
951 1813 995 1885 qui

202 1890 309 1945 crimina
328 1895 355 1945 et
376 1892 569 1957 accusationem,
587 1895 717 1962 tamquam
737 1890 858 1947 adversus
878 1895 994 1961 receptos

198 1968 254 2037 jarn
271 1986 335 2033 reos,
354 1968 406 2023 inst
394 1968 523 2023 ttrueban
559 1970 596 2024 At
613 1969 762 2041 Agrippina,
781 1987 934 2039 quamquam
951 1967 994 2023 de·
1004 1978 1040 2036 75

202 2044 271 2099 fessa
291 2045 344 2101 luet
333 2049 363 2100 tu
382 2049 409 2101 et
427 2064 532 2117 corpore
550 2064 625 2117 agro,
645 2046 757 2101 omnium
777 2050 863 2101 tamen
882 2063 939 2116 qua
957 2045 995 2099 ul-

201 2122 299 2176 tionem
319 2127 479 2178 morarentur
501 2124 648 2189 intolerans,
671 2121 785 2178 ascendit
809 2122 913 2177 classem
937 2140 995 2177 cum

202 2198 328 2255 cineribus
342 2200 485 2255 Germanici
494 2203 520 2255 et
529 2200 622 2267 liberis,
633 2199 812 2255 miserantibus
819 2199 918 2255 cunctis
927 2199 996 2270 qnod

202 2275 298 2330 femina
312 2276 444 2333 nobilitate
460 2278 586 2349 princeps,
599 2278 769 2348 pulcherrimo
780 2276 859 2331 modo·
867 2276 994 2331 matrimo

201 2353 245 2407 nio
269 2353 336 2408 inter
355 2358 505 2410 venerantes
526 2358 708 2425 gratantesque
728 2354 807 2425 aspici
830 2352 912 2419 solita,
931 2358 995 2409 tunc

201 2429 293 2485 ferales
305 2430 423 2502 reliquias
440 2432 498 2487 sinu
515 2430 602 2497 ferret,
615 2432 714 2487 incerta
728 2430 840 2496 ultionis,
854 2431 929 2485 anxia
944 2432 992 2498 sui,

202 2512 229 2563 et
237 2508 331 2563 infelici
339 2509 495 2564 fecunditate
507 2510 616 2565 fortuna
626 2511 721 2564 totiens
734 2508 849 2564 obnoxia,
875 2509 1018 2567 Pisonema

201 2586 304 2641 interim
319 2588 386 2657 apud
400 2587 481 2641 Coum
495 2586 603 2641 insulam
620 2587 727 2641 nuntius
745 2586 893 2657 adsequitur
910 2604 994 2641 exces-

202 2664 266 2718 sisse
284 2662 468 2718 Germanicum.
505 2664 567 2723 Quo
582 2664 781 2735 intemperanter
798 2668 901 2734 accepto
919 2662 1016 2721 cadite

202 2740 324 2805 victimas,
338 2740 391 2794 adit
403 2740 504 2811 templa,
517 2759 599 2811 neque
611 2742 666 2811 ipse
678 2740 799 2811 gaudium
810 2740 950 2804 moderans,
966 2744 993 2793 et

203 2818 282 2888 magis
294 2816 461 2873 insolescente
473 2818 600 2885 Plancina,
612 2837 668 2889 quae
679 2818 777 2873 luctum
790 2817 887 2871 amissae
899 2815 992 2870 sororis

203 2899 258 2949 tum
277 2895 386 2965 primum
409 2894 468 2949 laeto
492 2894 564 2949 cultu
586 2895 704 2950 mutarit.
739 2894 883 2949 Affluebant
906 2894 992 2946 centu-
1001 2896 1039 2953 76

204 2972 293 3039 mones,
305 2972 492 3045 monebantque
507 2977 625 3045 prompta
639 2973 677 3028 illi
692 2972 820 3044 legionum
836 2968 935 3025 studia:
953 2987 993 3023 re-
