2550 3500
315 354 362 402 388
658 354 777 403 TACITI

943 417 977 467 tu.
988 418 1014 457 u
1026 420 1046 457 c.
1057 419 1100 458 ero.

314 465 407 519 famam
426 464 575 535 protulerat,
595 466 785 537 habebaturque
805 484 856 521 non
874 484 954 537 ganeo
972 474 998 521 et
1016 470 1102 539 profli-

314 548 395 613 gator,
411 551 443 597 ut
459 543 573 615 plerique
587 562 635 599 sua
652 545 829 609 haurientium,
849 544 894 599 sed
911 544 1010 599 erudito
1028 544 1101 600 luxu.

292 622 353 677 tho
370 619 439 674 dicta
454 620 572 691 factaque
590 621 653 693 ejus,
674 624 768 691 quanto
789 620 911 675 solutiora
928 627 955 675 et
976 622 1102 692 quandam

314 697 354 751 sui
371 697 550 768 negligentiam
563 698 732 767 preferentia,
746 702 818 774 tanto
836 698 933 769 gratius
950 698 1102 769 inspeciem

292 773 481 844 armplicitatu
493 774 688 845 accipiebantur.
717 775 857 829 Procousul
868 778 954 829 tamen
965 776 1101 847 Bithynia,

313 854 340 905 et
352 870 410 905 mox
422 851 517 916 consul,
530 852 659 923 vigentem
672 870 699 907 se
711 870 741 907 ac
752 870 837 922 parem
853 852 963 923 negotiis
980 852 1100 908 ostendit.

291 928 380 983 4Dein
391 928 520 983 revolutus
537 929 570 982 ad
586 929 657 995 vitia,
669 946 716 983 seu
731 928 850 984 vitiorum
866 928 1014 995 imitatione,
1033 929 1101 984 inter

312 1023 406 1075 paucos
429 1004 590 1083 familiarium
613 1006 712 1060 Neroni
735 1009 880 1075 assumptus
900 1009 947 1070 est,
968 1006 1101 1077 elegantia

312 1081 413 1149 arbiter,
431 1080 492 1135 dum
512 1082 575 1136 nihil
592 1099 716 1137 amoenum
735 1085 762 1136 et
779 1082 853 1137 molle
871 1082 998 1137 affluentia
1014 1087 1099 1153 putat,

291 1158 362 1213 enisi
385 1157 453 1228 quod
474 1158 499 1213 ei
521 1159 657 1213 Petronius
676 1158 872 1229 approbavisset.
909 1158 985 1213 Unde
1006 1158 1101 1213 invidia

312 1235 435 1305 ligelhni,
454 1236 527 1306 quasi
543 1236 664 1291 adversus
682 1234 799 1291 anuum
817 1239 844 1290 et
862 1235 968 1290 scientia
984 1236 1100 1307 volupta-

312 1315 368 1365 tum
379 1312 510 1382 potiorem.
545 1313 615 1384 Ergo
626 1312 804 1385 crudelitatem
816 1312 944 1383 principis,
955 1312 995 1367 eui
1008 1316 1100 1368 cetera

311 1388 427 1444 hbidines
447 1389 577 1454 cedebant,
597 1389 752 1461 aggreditur,
773 1389 908 1443 amicitiam
927 1389 1034 1444 Scaevini
1051 1390 1101 1444 Pe-

312 1466 395 1520 tronio
410 1465 547 1537 objectans,
561 1470 680 1537 corrupto
697 1466 728 1521 ad
742 1466 863 1520 indicium
881 1480 954 1521 servo
972 1464 1100 1537 adempta·

313 1560 362 1612 que
374 1542 525 1609 defensione,
539 1548 566 1598 et
578 1543 673 1614 majore
684 1546 756 1613 purte
768 1542 868 1598 familiae
880 1542 908 1598 in
919 1543 1001 1598 vincla
1017 1548 1098 1614 raptu

271 1619 305 1673 19
313 1619 389 1673 Forte
401 1620 450 1674 illis
463 1620 553 1675 diebus
561 1620 722 1691 Campaniam
732 1621 856 1691 petiverat
865 1620 957 1686 Caesar,
967 1625 994 1674 et
1005 1620 1099 1675 Cumas

312 1714 393 1768 usque
404 1716 554 1770 progressus
566 1698 702 1754 Petronius
713 1697 765 1754 illic
776 1696 940 1753 attinebatur.
972 1698 1028 1752 Nec
1037 1698 1099 1753 tulit

291 1775 380 1829 2ultra
397 1776 495 1830 timoris
514 1780 558 1830 aut
579 1776 633 1847 spei
653 1794 744 1830 moras.
780 1776 872 1847 Neque
888 1781 974 1830 tamen
986 1793 1099 1846 praeceps

312 1852 390 1906 vitam
402 1853 507 1922 expulit,
525 1853 570 1907 sed
586 1854 678 1908 incisas
696 1871 781 1919 venas,
799 1858 830 1908 ut
847 1852 954 1918 libitum,
974 1852 1099 1924 obligatas

276 1929 281 1939 ’
313 1928 409 2000 aperire
431 1947 541 1993 rursum,
563 1934 590 1983 et
609 1931 703 2001 alloqui
721 1930 821 1997 amicos,
842 1948 894 1984 nou
910 1948 956 2000 per
972 1931 1038 1984 seria
1053 1935 1099 1984 aut
1151 1959 1152 1962 ¹

290 2005 404 2075 aquibus
424 2005 529 2076 gloriam
549 2008 698 2062 constantim
718 2009 824 2078 peteret.
861 2005 1038 2076 Audiebatque
1059 2025 1100 2062 re·

312 2082 429 2147 ferentes,
451 2083 513 2137 nihil
532 2083 564 2138 de
580 2083 771 2138 immortalitate
792 2082 880 2138 anima
901 2088 928 2138 et
946 2083 1100 2153 sapientium

290 2159 418 2229 aplacitis,
431 2159 476 2214 sed
487 2159 552 2216 levia
563 2161 674 2216 carmina
685 2164 712 2216 et
727 2159 813 2215 faciles
830 2177 925 2215 versus.
962 2161 1099 2216 Servorum

312 2236 373 2290 alios
386 2236 525 2307 largitione,
539 2237 660 2308 quosdam
671 2236 818 2292 verberibus
834 2236 925 2291 affecit.
961 2237 1025 2292 Iniit
1037 2255 1100 2307 epu-

312 2312 356 2377 lm,
376 2331 463 2368 somno
481 2314 594 2379 indulsit,
609 2318 640 2370 ut
658 2332 798 2386 quanquam
818 2317 906 2368 coacta
921 2331 989 2368 mors
1007 2313 1100 2368 fortui-

290 2397 345 2444 tta
361 2389 449 2444 similis
465 2395 540 2445 esset.
577 2391 619 2446 Ne
634 2391 754 2446 codicillis
771 2389 872 2460 quidem
890 2390 968 2460 (quod
985 2389 1100 2463 plerique
1149 2419 1150 2426 ι

311 2468 492 2536 pereuntium)
506 2468 635 2522 Neronem
653 2472 698 2522 aut
713 2467 863 2540 Tigellinum
877 2473 922 2522 aut
934 2485 1008 2538 quem
1020 2471 1100 2525 alium

311 2544 454 2614 potentium
466 2544 582 2599 adulatus
595 2549 650 2600 est:
669 2544 714 2600 sed
725 2544 822 2616 flagitia
828 2543 947 2614 principis
960 2543 1007 2598 sub
1018 2547 1099 2601 nomi-

311 2621 386 2676 nihus
404 2621 560 2675 exoletorum
580 2621 779 2692 feminarumque
797 2629 823 2675 et
841 2621 954 2675 novitate
973 2620 1098 2691 cujusque

312 2698 394 2768 stupri
405 2697 559 2770 perscripsit,
573 2702 650 2768 atque
661 2698 795 2770 obsignata
811 2697 881 2752 misit
897 2697 1001 2751 Neroni.
1038 2696 1099 2750 Fre·

311 2776 400 2845 gitque
412 2775 539 2842 annulum,
548 2792 580 2829 ne
591 2793 651 2829 mox
659 2775 718 2829 usui
730 2779 797 2830 esset
809 2774 841 2829 ad
854 2773 966 2829 iacienda
978 2772 1097 2845 pericula.

267 2851 459 2923 20hmbigenti
476 2851 574 2906 Neroni
591 2869 699 2921 quonam
716 2851 790 2906 modo
807 2852 919 2907 noctium
937 2869 1040 2906 auarum
1061 2850 1097 2904 in·
1147 2867 1148 2870 ’

311 2929 386 2998 genia
402 2933 569 2995 notescerent,
588 2928 693 2984 offertur
711 2929 778 2998 Silia,
796 2929 954 2985 matrimonio
973 2927 1097 2984 senatoria
