2550 3500
207 428 227 465 A
245 426 264 465 n
278 425 303 464 a
403 364 601 412 ANNALIUM
617 363 689 411 XIV.
706 365 809 411 49-53.
948 362 995 411 829

206 476 295 547 populi
311 425 342 530 it
362 474 473 529 militum
486 474 556 531 fame
572 474 676 543 Rufus3
694 472 763 547 quod
779 470 847 545 apud
866 471 997 529 Neronem

207 552 342 607 adversum
353 552 538 623 experiebatur.

242 630 316 684 Mors
327 629 406 683 Burri
416 628 522 700 miregit
531 629 633 684 Senece
642 628 790 700 potentiam,
801 627 913 699 quieuec
924 624 996 681 bouis
1004 628 1042 683 52

208 707 306 762 artibus
327 706 395 761 idem
413 705 507 760 virium
522 712 578 761 erat
596 707 676 761 altero
694 706 764 762 velut
780 706 845 761 duce
861 708 954 767 emoto,
969 708 997 759 ct

207 784 280 839 Nero
291 783 324 838 ad
339 782 477 838 deteriores
492 782 637 839 inclinabat.
673 784 711 839 Hi
727 784 802 839 ruiis
819 780 1019 839 criminationi-2

208 861 256 916 bus
269 862 389 916 Senecam
401 859 557 926 adoriuntur,
570 865 691 931 tauquam
703 860 819 932 ingentes
831 863 858 916 et
870 859 998 931 privatum

207 938 311 993 modum
333 942 435 992 evectas
458 955 519 1008 opes
540 937 622 992 edhuc
642 944 755 1009 sugeret,
776 936 894 1009 quodque
913 934 998 991 studia

208 1016 301 1070 civium
317 1014 346 1069 in
362 1032 391 1068 se
407 1018 527 1079 verteret,
542 1015 675 1069 hortorum
692 1032 792 1087 quoquc
808 1014 953 1085 amoenitate
970 1016 997 1067 et

207 1092 325 1145 villarum
336 1091 524 1162 magnificentie
534 1092 606 1163 quasi
617 1091 757 1162 principem
765 1090 995 1164 supergrederetur.

137 1193 138 1200 ¹
208 1170 370 1241 Objicicbant
381 1170 458 1225 etism
470 1170 621 1241 eloquentie
632 1169 732 1225 leudem
743 1170 789 1225 uni
801 1170 850 1225 sibi
867 1169 1020 1237 ascisceret

208 1254 236 1301 ct
257 1247 368 1301 carmine
386 1246 499 1303 crebrius
516 1248 643 1312 factitare,
662 1250 797 1318 postquam
815 1247 912 1303 Neroni
927 1264 998 1301 amor

208 1341 297 1377 eorum
316 1324 449 1379 evenisset.
485 1324 555 1379 Nam
573 1323 764 1379 oblectamentis
781 1323 900 1395 principie
915 1324 1020 1394 paleml

208 1399 331 1470 iniquum,
352 1400 497 1455 detractura
513 1401 566 1455 vim
586 1400 642 1472 ejus
660 1418 738 1471 equos
755 1400 876 1472 regentis,
892 1399 997 1455 illudere

208 1495 291 1542 voces,
312 1478 430 1548 quotiens
449 1482 559 1533 caneret.
594 1480 679 1537 Quem
698 1477 732 1532 cd
749 1478 825 1531 finem
844 1476 908 1531 nihil
923 1476 951 1530 in
969 1483 1019 1531 ret

209 1553 310 1626 publica
330 1554 427 1609 clarum
443 1556 505 1619 fore,
526 1553 595 1625 quod
611 1572 664 1609 nou
681 1554 712 1611 ab
729 1554 773 1609 illo
790 1553 895 1624 reperiri
912 1552 998 1607 creda-

208 1634 271 1687 tur?
290 1636 360 1688 certe
371 1632 470 1686 finitam
482 1632 593 1686 Neronis
604 1632 749 1703 pueritiam,
761 1634 788 1687 et
799 1630 876 1685 robur
885 1630 997 1700 juventae

208 1709 304 1766 adesse.
341 1710 456 1766 &neret
474 1708 633 1782 magistrum,
652 1709 714 1765 setis
739 1708 828 1780 amplis
852 1707 997 1764 doctoribus

208 1788 350 1844 instructus
373 1787 510 1860 majoribus
534 1787 596 1842 suis.
631 1789 668 1842 At
693 1787 788 1842 Seneca
811 1785 1042 1842 criminantium53

208 1883 260 1918 non
270 1865 383 1936 ignarus,
395 1864 561 1937 prodentibus
573 1864 606 1919 iis
617 1865 709 1936 quibus
722 1863 806 1935 alique
814 1864 916 1920 honesti
927 1883 996 1930 cura,

209 1944 236 1994 et
247 1941 443 1998 familiaritatem
454 1943 509 2014 ejus
521 1942 602 2014 magis
614 1946 765 2014 aspernante
777 1943 884 2009 Caesarc,
896 1945 997 2014 tempus

209 2019 319 2073 sermoni
326 2024 390 2084 orat,
400 2027 427 2075 et
434 2023 538 2090 eccepto
547 2019 585 2074 iu
592 2019 681 2091 incipit
692 2025 752 2074 :-“
761 2019 875 2078 Quartus
885 2018 1020 2074 decimus2

211 2112 293 2148 annus
316 2100 364 2160 cst,
389 2097 481 2162 Cesar,
505 2114 540 2150 ex
563 2114 615 2167 quo
637 2097 692 2168 spei
715 2100 768 2152 tuae
786 2099 911 2150 ammotus
932 2113 997 2160 sum,

210 2175 323 2236 cctam,
335 2177 366 2226 ut
377 2172 510 2243 imperium
526 2171 641 2227 obtines:
660 2171 743 2226 medio
758 2172 880 2242 temporis
897 2175 998 2226 tentum

209 2247 333 2302 honorum
345 2253 422 2320 etque
433 2268 510 2320 opum
521 2249 550 2304 in
560 2267 601 2303 me
613 2249 758 2313 cumuldsti
768 2251 799 2302 ut
810 2247 873 2302 nihil
880 2247 998 2304 felicitati

135 2370 136 2375 ,
207 2343 271 2380 merc
283 2324 349 2380 desit
360 2326 410 2381 nisi
421 2325 561 2382 moderatio
572 2325 636 2396 ejus.
673 2325 741 2380 Utar
752 2325 851 2396 maguis
867 2325 996 2396 exemplis,

206 2421 256 2458 neo
277 2420 342 2456 mee
363 2403 473 2458 fortune
493 2402 539 2457 scd
559 2406 620 2458 tue.
656 2402 760 2458 hbevns
780 2409 842 2457 tuus
862 2403 1021 2476 Augustusn

207 2481 299 2535 Marco
316 2480 437 2551 Agrippa
459 2479 632 2552 Mytilenense
658 2483 793 2548 secretum,
817 2480 847 2536 C.
861 2481 998 2536 Meocnuti

207 2557 271 2612 urbe
282 2557 310 2611 in
321 2557 377 2627 ipse
388 2556 458 2612 velut
469 2557 631 2630 peregrinum
643 2556 724 2612 otium
739 2555 854 2628 permisit
864 2580 871 2624 ;
890 2577 998 2629 quorum

207 2635 274 2689 alter
291 2633 416 2687 bellunum
434 2634 525 2699 socim,
547 2634 612 2690 ulter
629 2635 720 2690 Rome
738 2634 852 2705 pluribus
870 2635 998 2690 laboribus

204 2711 318 2782 jactatus
342 2709 425 2781 ampla
448 2710 557 2780 quidem,
582 2710 628 2766 sed
651 2729 698 2782 pro
721 2711 868 2784 ingentibus
892 2712 998 2780 meritis,

208 2786 313 2859 premia
333 2792 490 2858 acceperant.
525 2789 583 2860 Ego
601 2789 664 2860 quid
679 2788 748 2844 aliud
761 2789 938 2844 munificentie
955 2787 1020 2846 erl-4

209 2865 296 2919 hibere
314 2864 395 2936 potui,
414 2882 490 2935 quem
509 2866 603 2932 studia,
622 2871 653 2924 ut
674 2867 711 2922 sio
732 2865 845 2931 dixerim,
863 2865 891 2920 in
908 2865 998 2922 umbre

209 2941 323 3010 educcta
345 2946 373 2998 et
393 2942 486 3012 quibus
504 2943 629 3000 claritudo
644 2943 722 3010 venit,
740 2942 808 3014 quod
818 2943 931 3014 juvente
945 2946 999 3000 tue
