2550 3500
302 370 349 416 144
638 364 758 414 Tacl'l'l

931 425 965 471 [1.
978 425 1004 464 o.
1013 425 1039 464 c.
1050 425 1096 471 rra

300 497 350 551 que
367 482 394 533 ct
417 477 531 532 Drusum
554 478 637 533 isdem
660 477 703 532 dis
726 476 939 539 commendavere,
964 493 1017 529 non
1042 487 1097 533 tam

300 559 406 612 caritate
422 556 545 627 juvenum
564 573 639 626 quam
655 555 817 620 adulatione3
835 575 891 626 quae
907 555 1022 610 moribus
1041 573 1098 609 cor·

277 634 383 704 2ruptis
395 632 498 704 perinde
511 651 610 703 anceps,
623 633 647 687 si
662 633 732 687 nulla
747 638 774 687 et
785 633 830 688 ubi
847 633 925 687 nimia
938 638 986 687 est.
1024 632 1097 687 Nam

300 711 418 767 Tiberius
442 709 511 764 hand
534 728 645 780 unquam
667 710 753 765 domui
778 711 922 765 Germanici
939 709 1019 775 mitis,
1037 714 1097 765 tum

300 807 361 843 vero
373 787 468 858 aquari
480 786 652 842 adolescentes
664 792 773 842 senectae
785 807 838 843 suae
849 787 1012 859 impatienter
1024 786 1096 841 indo

299 866 363 931 luit;
383 864 527 935 accitosque
550 864 683 934 pontifices
707 869 888 935 percunctatus
912 869 960 929 est,
985 863 1096 919 numid

276 942 416 1014 sprecibus
429 941 576 1013 Agrippinae
589 946 633 996 aut
646 942 721 996 minis
737 942 896 997 tribuissent.
933 942 969 997 Et
985 942 1024 997 illi
1041 942 1095 1013 qui·

300 1020 365 1085 dem,
385 1037 531 1090 quanquam
548 1018 697 1084 abnuerent,
716 1018 814 1074 modice
837 1020 967 1091 perstricti
987 1020 1096 1089 (etenim

299 1116 358 1169 pars
373 1115 466 1169 magna
482 1115 496 1151 e
511 1096 660 1168 propinquis
677 1096 758 1167 ipsius
776 1101 821 1151 aut
839 1098 962 1168 primores
980 1097 1095 1151 civitatis

300 1175 401 1243 erana:
420 1180 534 1229 ceterum
546 1174 574 1228 in
582 1178 674 1229 senatu
685 1174 799 1229 oratione
808 1176 908 1230 monuit
917 1176 945 1230 in
952 1179 1096 1247 posterum,

300 1252 406 1322 nequis
422 1251 526 1306 mobiles
542 1251 740 1306 adolescentium
758 1252 855 1307 animos
873 1252 1033 1322 praematuris
1052 1253 1096 1307 ho

277 1330 406 1388 tuoribus
433 1328 466 1383 ad
492 1329 636 1400 superbiam
664 1328 805 1383 extolleret.
853 1329 973 1385 Instabat
999 1329 1095 1401 quippe

302 1408 416 1479 Sejanus,
444 1406 626 1477 incusabatque
653 1404 782 1460 diductam
808 1406 945 1471 civitatem,
970 1410 1001 1461 ut
1025 1406 1095 1462 civili

300 1484 383 1551 bello,
401 1502 457 1539 esse
470 1484 513 1555 qui
530 1502 558 1537 se
569 1484 682 1554 partium
695 1483 843 1554 Agrippina
854 1487 954 1548 vocent,
967 1501 998 1537 ac
1008 1484 1038 1537 ni
1053 1502 1096 1538 re·

301 1562 414 1627 sistatur,
433 1561 488 1616 iore
505 1560 605 1631 plurcs;
623 1578 707 1631 neque
725 1560 794 1615 aliud
814 1560 944 1632 gliscentis
962 1559 1096 1617 discordia
1135 1625 1137 1629 μ

301 1638 440 1694 remedium
458 1656 534 1709 quam
551 1638 573 1692 si
589 1656 656 1691 unus
671 1637 766 1693 alterve
781 1638 890 1692 manime
906 1638 1021 1709 prompti
1037 1637 1096 1693 sub

256 1724 292 1778 18
301 1720 468 1773 verterentur.
506 1715 566 1774 Qua
577 1732 654 1770 causa
666 1715 695 1769 O.
710 1715 800 1771 Silium
811 1720 838 1771 et
856 1714 953 1771 Titium
970 1714 1096 1771 Sabinum

301 1793 457 1865 aggreditur.
474 1793 595 1848 Amicitia
603 1793 745 1848 Germanici
754 1794 895 1864 perniciosa
901 1793 1019 1864 utrique3
1032 1795 1095 1850 Silio

302 1878 336 1936 et,
350 1869 418 1940 quod
429 1869 541 1940 ingentis
553 1869 681 1924 exercitus
690 1875 788 1940 septem
796 1889 843 1941 per
851 1889 930 1924 annos
939 1869 1094 1937 moderator,

302 1947 433 2019 partisque
451 1945 519 2018 apud
537 1945 697 2001 Germaniam
713 1947 908 2019 triumphalibus
925 1948 1096 2004 Sacroviriani

302 2025 363 2080 belli
373 2025 463 2090 victor,
477 2027 572 2095 quanto
584 2024 681 2095 majore
695 2024 762 2080 mole
774 2024 923 2095 procideret,
939 2023 997 2095 plus
1008 2025 1096 2080 formi-

279 2101 388 2158 2dinis
380 2121 408 2156 1n
420 2101 481 2156 alios
492 2100 695 2190 dispergebatur.
723 2101 986 2173 Credebantplerique
993 2083 1136 2158 auctam

303 2179 497 2236 offensionem'
489 2179 569 2249 ipsius
593 2179 795 2249 intemperantia,
818 2178 952 2234 immodice
972 2179 1096 2250 jactantis

304 2276 379 2313 suum
394 2256 459 2311 milit
448 2261 500 2311 tem
518 2257 546 2310 in
561 2255 683 2328 obsequio
699 2256 837 2322 duravisse,
857 2274 915 2311 cum
931 2256 974 2310 alii
985 2255 1020 2310 ad
1031 2257 1095 2312 sedi·
1134 2274 1136 2375 q

303 2336 386 2390 tiones
410 2333 618 2406 prolaberentur;
646 2352 729 2405 neque
751 2352 899 2389 mansuram
924 2333 1027 2389 liberio
1050 2335 1097 2389 im·

303 2411 409 2483 perium,
422 2411 445 2465 si
456 2411 488 2466 iis
500 2429 600 2482 quoque
612 2411 754 2483 legionibus
766 2411 857 2482 cupido
869 2411 979 2466 novandi
993 2411 1095 2467 fuisset.

303 2488 410 2543 Destrui
433 2506 478 2559 per
501 2489 555 2544 haec
575 2489 705 2543 fortunam
722 2507 794 2544 suam
812 2488 905 2554 Caesar,
923 2489 1096 2561 imparemque

279 2569 377 2621 atarto
394 2566 486 2620 merito
503 2566 614 2621 rebatur.
651 2567 720 2621 Nam
737 2565 859 2622 beneficia
876 2584 907 2621 eo
930 2584 1012 2637 usque
1036 2567 1096 2622 lata
1133 2584 1134 2605 1

304 2647 373 2708 sunt,
387 2641 447 2698 dum
459 2641 578 2697 videntur
590 2644 687 2698 exsolvi
698 2661 789 2714 posse:
809 2642 853 2697 ubi
864 2645 975 2698 multum
990 2647 1097 2699 anteve·

259 2720 294 2775 19
304 2739 372 2786 nere,
385 2737 431 2790 pro
443 2720 526 2790 gratia
537 2719 623 2774 odium
633 2720 757 2775 redditur,
793 2719 858 2775 Erat
869 2718 934 2774 nxo'r
946 2719 1008 2774 Silio
1023 2721 1097 2776 Sosia

306 2798 384 2864 Galla,
398 2797 503 2851 caritate
515 2796 662 2867 Agrippinae
674 2798 756 2852 invisa
772 2797 887 2869 principi
923 2798 981 2852 Hos
993 2799 1096 2870 corripi,

305 2875 384 2930 dilato
396 2873 428 2929 ad
439 2877 540 2944 tempus
553 2873 654 2939 Sabino,
667 2874 788 2945 placitum
799 2896 806 2941 ;
823 2875 1002 2944 immissusque
1012 2875 1097 2930 Varro

306 2951 401 3020 consul,
415 2950 459 3024 qui
471 2954 589 3023 paternas
606 2950 752 3008 inimicitias
764 2951 911 3019 obtendens,
928 2951 996 3007 odiis
1011 2952 1098 3026 sejani
