2550 3500
177 430 202 465 A.
213 426 238 465 D.
248 425 291 476 m
364 366 560 415 ANNALIUM
578 365 648 414 XIV.
666 366 770 415 tt—eo.
917 364 967 411 888

178 476 279 544 †0tium
304 478 409 547 (obuium
421 477 446 547 7)
468 474 617 549 suffugium,
636 480 664 531 et
684 472 770 547 magni
792 474 900 529 nominis
923 473 969 529 mi·

178 554 303 608 seratione
326 560 487 625 reperturum
510 554 598 620 bonos,
622 554 828 610 consociaturum
852 552 968 606 audaces.

178 630 285 686 Nullum
297 631 398 686 interim
410 631 552 687 subsidium
569 630 762 702 aspernandum.
798 630 827 684 Si
838 629 992 700 sexaginta4

178 708 272 784 milites
281 711 333 781 (tot
342 710 411 765 euim
419 709 607 779 adveniebant)
617 708 780 781 propulisset,
791 706 852 762 dum
860 706 971 761 refertur

133 785 134 788 ’
179 788 285 843 nuntius
303 788 409 852 Neroni,
428 787 489 842 dum
506 805 596 842 manna
616 788 666 842 alia
688 789 810 859 permeat,
831 785 912 841 multa
931 802 970 839 se·

179 870 271 921 cutura
293 884 350 936 quae
373 864 488 935 adusque
511 864 607 920 bellum
629 864 808 920 evalescerent.
853 862 992 933 Deniquet

180 948 224 997 ant
241 942 349 996 salutem
367 942 413 997 tali
429 942 535 997 coneilio
553 942 641 1013 quari,
660 946 705 997 aut
722 941 786 995 nihil
802 940 905 1012 gravina
926 957 971 994 au-

179 1019 250 1074 denti
268 1036 343 1089 quam
360 1019 452 1091 ignavo
469 1019 617 1090 patiendum
633 1036 698 1075 esse.
735 1017 786 1073 Sed
803 1018 923 1073 Plautum
940 1018 1016 1074 ea59

133 1143 134 1162 ,
179 1115 232 1151 non
254 1113 371 1162 morere3
400 1096 454 1151 sive
476 1096 573 1151 nullam
594 1112 670 1167 opem
692 1094 842 1166 providebat
867 1092 970 1149 inermia

180 1178 258 1243 atque
269 1171 335 1237 exul,
348 1190 394 1227 eeu
405 1172 482 1227 taedio
494 1172 619 1244 ambiguae
634 1172 698 1243 spei,
715 1190 748 1226 an
759 1188 843 1227 amore
856 1170 971 1243 conjugis

180 1254 208 1304 et
225 1248 369 1314 liberorum,
387 1248 480 1320 quibua
496 1248 684 1321 placabiliorem
700 1248 755 1303 iore
772 1248 912 1319 principem
934 1266 972 1303 re

181 1326 258 1381 batur
274 1324 345 1380 nulla
361 1326 530 1381 sollicitudine
547 1325 688 1381 turbatum.
725 1325 792 1379 Sunt
810 1325 854 1395 qni
872 1325 933 1379 alica
958 1330 996 1379 αἳ

181 1420 270 1458 socero
281 1402 385 1457 nuntios
400 1403 500 1457 veniam
515 1404 608 1468 feram,
624 1407 747 1472 tanquam
762 1400 826 1455 nihil
841 1406 915 1457 atron
928 1402 974 1455 irn-

181 1479 309 1545 minerct;
328 1478 495 1550 doctoresque
506 1479 645 1551 sapientie,
659 1478 794 1534 Goeranum
811 1478 900 1547 Greci,
915 1478 975 1549 My·

133 1581 134 1596 *
181 1556 283 1612 eonium
300 1556 378 1611 'lusci
394 1557 503 1627 generis,
522 1556 692 1611 constantiam
709 1553 868 1626 opperiendae
885 1554 975 1609 mortis

181 1652 230 1706 pro
241 1634 339 1689 incerta
349 1637 376 1689 et
385 1632 486 1704 trepida
493 1632 547 1688 vita
559 1633 677 1688 eumiese.
713 1632 843 1703 Repertus
855 1634 894 1687 eet
906 1635 997 1687 certet

181 1729 229 1784 per
245 1710 356 1768 medium
377 1709 429 1766 diei
451 1708 535 1765 nudus
559 1708 721 1766 crocitando
743 1708 853 1781 corpori.
889 1708 976 1764 Talem

181 1811 242 1846 eum
253 1791 369 1847 centurio
377 1789 523 1856 trucidavit,
536 1807 621 1845 curam
628 1790 757 1862 Pelagone
769 1787 887 1860 spadone,
901 1807 976 1861 quem

183 1868 255 1924 Nero
272 1868 416 1924 centurioni
433 1875 461 1923 et
477 1867 614 1939 manipulo,
633 1867 707 1939 quasi
724 1865 875 1923 satellitibus
892 1865 976 1922 minia-

182 1949 254 2000 trum
270 1946 376 2017 regium,
391 1949 572 2016 praeposuerat.
608 1945 693 2016 Caput
709 1943 838 2000 interlecti
854 1943 999 2010 relatum34

181 2021 258 2091 cujus
276 2026 391 2092 aspectu,
412 2022 479 2093 (ipae
498 2022 619 2094 principia
637 2021 716 2077 verba
733 2021 859 2090 referam)
874 2021 976 2086 “Gan''

183 2097 275 2168 inquit¹
290 2103 307 2127 “
314 2098 411 2164 Nero‚”
423 2100 442 2136 ὓ
453 2099 470 2136 ¹*
483 2099 508 2164 ⁸,
521 2103 548 2154 et
559 2099 645 2170 ponito
656 2103 728 2153 metu
739 2099 841 2169 nuptias
854 2098 977 2168 Poppaea,

182 2174 219 2230 ob
230 2174 353 2246 ejusmodi
364 2179 474 2230 terrores
485 2175 586 2240 ddataa,
600 2180 729 2230 matrrrare
744 2179 825 2245 parat,
837 2173 979 2228 Octaviam·

185 2270 236 2324 que
246 2252 382 2323 conjugem
393 2252 498 2318 amoliri,
515 2252 631 2323 quamvis
642 2251 758 2306 modeste
770 2254 865 2322 ageret,
878 2250 979 2305 numine

185 2329 266 2402 patris
283 2332 311 2382 et
328 2328 420 2384 studiis
438 2329 526 2400 populi
543 2347 654 2400 gravem.
690 2328 742 2382 Sed
758 2327 791 2382 ad
807 2330 921 2382 acuatum
939 2326 1001 2382 lit-6

184 2411 256 2461 teras
272 2404 351 2470 misit,
370 2405 402 2460 de
420 2405 488 2461 cada
506 2405 582 2476 Syllae
599 2404 737 2475 Plautique
754 2403 823 2459 haud
840 2405 979 2470 confessus,

186 2501 276 2539 verum
297 2483 433 2554 utriunque
449 2481 581 2538 turbidum
599 2481 731 2554 ingenium
748 2500 811 2550 esse,
829 2486 856 2537 et
874 2481 924 2538 sibi
940 2482 980 2537 in·

186 2559 361 2616 columitatem
375 2559 413 2614 rei
429 2559 536 2630 publica
552 2577 646 2630 magna
660 2577 722 2614 cura
732 2559 827 2614 haberi.
863 2559 1002 2614 Decretaet

132 2702 133 2707 ἵ
187 2656 218 2693 eo
230 2635 332 2692 nomine
343 2636 548 2708 supplicationes,
561 2642 643 2708 utque
656 2637 725 2709 Sylla
736 2641 763 2692 et
774 2637 882 2694 Plautus
892 2643 983 2694 senatu

132 2724 133 2775 l
187 2718 359 2782 moverentur,
371 2715 529 2786 mannahun
541 2720 629 2769 tamen
639 2714 755 2770 ludibriis
767 2734 843 2786 quam
854 2716 936 2770 melia.

132 2786 133 2813 ¹
223 2791 311 2863 Igitur
328 2796 433 2862 acceptu
456 2798 559 2863 patrum
582 2793 708 2858 consulto,
731 2798 867 2864 postquam
890 2793 1029 2852 cuncta60
1145 2847 1146 2856 p

189 2869 314 2924 scelerum
337 2887 442 2924 suornm
465 2887 512 2942 pro
532 2870 642 2941 egregiis
663 2869 743 2942 accipi
762 2869 841 2936 ridet,
863 2867 983 2924 exturbat
1145 2879 1146 2882 ’

190 2946 331 3011 Octaviam,
351 2946 462 3002 sterilem
481 2945 618 3002 dictitans:
637 2949 697 3002 exin
720 2948 836 3018 Poppaeae
854 2945 984 3016 conjungi·

190 3027 243 3080 tur.
277 3023 318 3079 Ila
334 3021 379 3080 diu
396 3023 486 3095 pellex!
503 3028 530 3078 et
548 3023 657 3079 adulteri
674 3023 792 3092 Neronia,
817 3039 877 3078 mox
899 3022 1007 3078 matitia
