2550 3500
195 462 214 499 A
231 459 250 499 D
267 459 309 509 m
386 395 581 446 ANNALIUM
598 394 669 444 xlv,
686 393 789 444 53-57.
928 394 974 443 sal

191 509 309 581 perieulis
320 512 480 564 meruerant:
498 508 525 562 in
540 508 572 562 iis
590 507 657 563 enim
669 507 777 578 juventa
793 504 906 579 Augusti
921 524 977 562 ver-

192 594 248 643 sata
264 591 312 643 est.
347 586 405 642 Nee
422 587 484 642 mihi
501 586 553 641 tela
568 590 595 641 et
615 605 705 641 manus
722 588 775 641 tuae
793 585 932 640 defuissent
950 585 977 638 in

192 665 266 720 armis
287 664 381 737 agenti.
419 662 477 729 Sed,
497 662 565 734 quod
585 682 695 735 praesens
714 662 825 719 conditio
848 660 1000 733 posoebat,4

191 742 296 807 ratione,
317 740 428 806 oonsilio,
449 740 581 811 preceptis
602 740 744 811 pueritiam,
767 739 825 795 dein
846 740 977 811 juventam

135 819 140 946 p
191 837 281 885 meam,
294 818 388 873 fovisti.
424 817 460 894 Et
475 822 521 872 tua
537 816 638 887 quidem
654 834 715 889 erga
729 836 770 872 me
787 834 899 881 munera,
917 814 1000 874 dumo

191 896 245 950 vita
256 898 383 967 suppetet,
396 898 491 949 aterna
503 899 593 949 erunt:
612 913 669 965 quae
680 912 696 948 a
706 912 747 949 me
764 893 849 959 habes,
865 892 933 948 horti
950 896 977 946 et

191 972 265 1027 fenus
283 976 309 1027 et
326 971 400 1036 villae,
419 971 520 1026 casibus
535 971 643 1026 obnoxia
662 974 730 1025 suut.
767 972 805 1025 Ae
821 970 881 1025 lieet
897 970 999 1030 multae

136 1115 137 1118 Ἴ
191 1049 331 1113 videantur,
356 1048 469 1120 plerique
494 1048 688 1119 haudquaquam
712 1047 808 1103 artibus
831 1048 884 1103 tuis
904 1064 977 1119 pares

191 1126 265 1197 plura
275 1129 420 1180 tenuerunt.
456 1125 541 1180 Pudet
553 1125 648 1180 referre
660 1124 799 1191 libertinos,
812 1124 856 1197 qui
874 1124 1000 1185 ditiores7

191 1206 348 1273 spectantur.
384 1202 460 1258 Unde
481 1204 558 1258 etiam
576 1202 665 1257 rubori
685 1202 747 1257 mihi
766 1207 806 1257 est
824 1201 899 1272 quod,
916 1220 978 1273 prse-

191 1280 282 1349 oipuus
293 1279 406 1347 caritate,
417 1278 529 1334 nondum
541 1298 628 1334 omnes
640 1279 744 1333 fortuna
755 1278 891 1333 antecedis.
926 1278 1022 1339 lle-56

191 1374 249 1410 rum
272 1359 298 1410 et
321 1355 370 1410 tibi
392 1356 474 1410 valida
493 1361 562 1424 aetas,
580 1356 708 1427 rebusque
728 1360 755 1410 et
775 1354 871 1409 fructui
893 1372 978 1409 rerum

192 1432 325 1499 sufficiens,
336 1436 363 1487 et
380 1451 426 1487 nos
443 1434 526 1504 prima
540 1434 639 1504 imperii
655 1433 738 1503 spatia
752 1431 915 1503 ingredimur,
929 1430 978 1486 nisi

136 1573 137 1586 ἵ
191 1509 259 1564 forte
271 1514 315 1564 eut
326 1512 354 1564 te
366 1509 469 1564 Vitellio
480 1513 521 1564 ter
538 1509 643 1577 oonsuli,
662 1513 706 1564 aut
724 1526 765 1563 me
781 1506 894 1572 Claudio,
910 1512 979 1577 post·

135 1595 137 1598 ’
191 1586 271 1657 ponis.
300 1585 351 1641 Sed
360 1589 481 1657 quantum
488 1586 594 1641 Volusio
605 1586 682 1657 longa
693 1584 845 1657 parsimonia
856 1584 1001 1655 quaesivitt

191 1667 291 1717 tantum
303 1663 331 1717 in
341 1666 369 1718 te
380 1680 437 1717 mee
447 1662 583 1717 liberalitas
596 1664 696 1735 explere
708 1681 760 1718 non
770 1665 863 1733 potest.
900 1660 978 1725 Quin,

191 1738 214 1796 si
226 1759 275 1812 qua
290 1740 318 1796 in
331 1742 404 1813 parte
418 1738 542 1796 lubricum
560 1739 735 1797 adolescentiae
750 1743 844 1796 nostra
860 1737 977 1804 declinat,

190 1835 302 1884 revocas,
323 1821 492 1889 ornatumque
511 1817 590 1873 robur
605 1818 718 1874 subsidio
733 1817 871 1890 impensius
889 1817 978 1888 regis?

191 1894 253 1948 Non
264 1899 310 1949 tua
321 1894 468 1960 moderatio,
481 1894 504 1949 si
520 1894 659 1950 reddideris
677 1895 816 1968 pecuniam,
835 1912 882 1950 neo
898 1893 1000 1964 quisse

192 1970 215 2024 si
226 1971 356 2042 reliqueris
367 1972 514 2043 principem,
527 1971 572 2026 sed
589 1991 646 2027 mea
663 1973 775 2038 avaritia,
793 1990 854 2026 meae
873 1969 979 2026 erudeli-

192 2046 254 2101 tatis
265 2051 356 2114 metus,
368 2048 396 2102 in
407 2065 451 2102 ore
458 2048 570 2102 omnium
579 2048 729 2104 versabitur.
761 2047 860 2107 Quodsi
872 2046 1003 2100 maximat

193 2123 349 2178 continentia
368 2128 415 2179 tua
432 2124 558 2190 laudetur,
576 2129 730 2180 nontamen
746 2124 855 2196 sapienti
868 2123 922 2177 viro
937 2121 979 2176 de·

192 2217 279 2254 eorum
291 2199 376 2268 fuerit,
388 2199 456 2255 unde
467 2201 547 2256 amieo
559 2201 688 2256 infamiam
702 2209 782 2272 paret,
799 2200 858 2255 inde
874 2199 980 2272 gloriam

135 2332 136 2339 ,
192 2276 240 2331 sibi
252 2277 389 2347 recipere.''
425 2277 476 2333 His
488 2277 574 2350 adjicit
586 2278 744 2349 complexum
757 2282 783 2332 et
795 2277 887 2341 ossula,
896 2276 1001 2338 faetus5

135 2354 136 2363 ’
191 2358 284 2408 natura
295 2358 322 2408 et
334 2354 517 2410 consuetudine
529 2355 656 2410 exereitus
665 2354 748 2410 velere
755 2355 840 2410 odium
851 2353 979 2408 fallacibus

191 2429 329 2486 blanditiis.
365 2432 461 2487 Seneoa
482 2433 537 2503 (qui
552 2433 610 2486 finis
628 2432 739 2486 omnium
757 2451 815 2487 oum
836 2431 1002 2486 dominante6

192 2508 357 2578 sermonum)
375 2513 461 2580 grates
480 2510 549 2580 agit:
569 2508 745 2566 sedinstituta
756 2510 847 2581 prioris
859 2508 980 2580 potentias

192 2588 339 2651 commutat,
352 2585 470 2657 prohibet
487 2590 568 2642 ooetus
584 2587 758 2654 salutantium,
775 2587 840 2641 vitat
858 2585 981 2642 eomitan-

135 2722 136 2739 χ
191 2666 240 2728 tes,
253 2681 325 2716 rarus
337 2681 383 2733 per
394 2661 490 2728 urbem,
504 2665 576 2734 quasi
586 2663 732 2720 valetudine
742 2664 842 2719 brfensa
858 2667 902 2718 aut
914 2660 980 2730 sapi-

135 2762 136 2801 3
192 2740 268 2794 entiae
280 2739 373 2794 studiis
385 2738 454 2793 domi
465 2741 624 2796 attineretur.

227 2816 348 2872 Perculso
361 2817 456 2871 Seneea
467 2823 611 2890 promptum
626 2818 677 2874 fuit
693 2818 791 2874 Rufum
806 2816 920 2872 Panium
935 2813 1023 2876 itu-57

192 2893 312 2959 minuere,
325 2893 473 2965 Agrippinae
483 2894 900 2951 amicitiamineooriminantibus.
930 2891 981 2944 Va·

192 2969 315 3043 lidiorque
326 2971 354 3027 in
365 2970 420 3027 dies
431 2969 579 3044 ligellinus,
594 2978 621 3028 et
632 2973 711 3028 malas
723 2977 798 3042 artes,
814 2970 905 3042 quibus
921 2967 981 3023 solis
