2550 3500
287 362 333 409 182
468 360 586 409 TACITI
604 361 737 409 ANNAL.
754 363 784 409 V.
803 364 840 419 10,
855 364 892 410 ll.

913 424 949 474 [a.
961 425 985 463 u.
995 425 1017 464 c.
1027 425 1074 467 raa

264 472 320 525 alut
332 474 386 527 crat
396 472 496 542 juvenis
508 472 576 527 haud
593 472 687 543 dispari
704 476 787 539 aetate,
801 474 950 543 quibusdam
962 475 1072 530 (laseris

285 550 381 603 libertis
394 549 463 603 velut
475 550 584 619 agnitus,
597 568 643 621 per
655 550 790 621 dolumque
802 551 989 605 comitantibus.
1024 552 1071 606 Al·

284 626 433 681 liciebantur
444 626 526 696 ignari
538 626 604 680 lama
615 627 730 692 nominis,
744 631 771 681 et
782 628 906 698 promptis
924 628 1071 683 Graecorum

284 703 373 757 animis
396 702 428 757 ad
450 721 516 757 nova
538 707 565 757 ct
588 704 666 758 mira:
697 704 790 775 quippe
813 704 926 775 elapsum
949 705 1072 761 custodiro

284 798 389 850 pergere
409 779 441 835 ad
460 784 577 850 paternos
598 781 732 846 exercitus,
751 782 892 853 AEgyptum
909 785 954 836 aut
973 781 1073 853 Syriam

263 857 437 921 tinvasurum,
462 856 590 928 fingebant
613 858 688 912 simrd
711 858 903 929 credebantque.
949 859 1008 912 Jam
1028 859 1073 929 ju-

283 934 396 989 ventutis
408 951 539 998 concursu
550 934 603 1005 jem
619 933 727 1005 publicis
743 935 835 989 studiis
852 934 1069 1007 frequentabatur,

283 1010 357 1065 laetus
380 1010 546 1081 presentibus
570 1015 596 1066 et
618 1012 732 1065 manium
754 1030 807 1082 spe,
829 1030 887 1066 cum
907 1011 1021 1066 auditum
1044 1012 1071 1067 id

283 1088 393 1158 Poppaeo
406 1086 505 1142 Sabino.
541 1088 569 1143 Is
581 1088 736 1143 Macedoniae
748 1092 804 1142 tum
819 1088 933 1143 intentus
946 1088 1071 1144 Achaiam

262 1170 383 1235 equoque
402 1164 513 1220 curabat.
549 1166 634 1237 Igitur
654 1184 704 1237 quo
724 1184 785 1220 vcra
804 1184 850 1220 seu
869 1166 933 1220 lalsa
951 1166 1070 1232 anteiret,

283 1242 432 1297 Toronaeum
455 1242 662 1313 Thermaeumque
691 1242 774 1297 sinum
802 1242 985 1313 praefestinans,
1009 1261 1072 1299 mox

282 1318 403 1373 Euboeam
416 1319 498 1390 AEgaei
510 1320 584 1375 maris
596 1319 703 1374 insulam
716 1323 742 1374 et
754 1319 878 1374 Piraeum
898 1319 992 1375 Attica
1009 1338 1069 1386 orte,

282 1394 340 1449 dein
364 1396 539 1451 Corinthiense
562 1396 623 1451 litus
648 1396 827 1468 angustiasque
851 1396 945 1450 Isthmi
968 1395 1070 1464 evadit;

281 1472 394 1543 marique
406 1473 454 1527 alio
468 1474 610 1544 Nicopolim
628 1473 770 1527 Romanam
788 1472 911 1527 coloniam
927 1473 1070 1545 ingressus,

281 1549 317 1604 ibi
337 1549 438 1605 demum
453 1551 590 1621 cognoscit,
608 1550 736 1604 sollertius
751 1550 936 1621 interrogatum
952 1551 1071 1621 quisnam

281 1626 355 1691 foret,
369 1626 462 1681 dixisse
473 1627 511 1681 M.
526 1627 611 1681 Silano
623 1627 754 1698 genitum3
773 1639 800 1680 et
811 1627 898 1681 multis
913 1631 1072 1683 sectatomm

281 1702 384 1775 dilapsis
413 1703 554 1760 ascendisse
578 1721 667 1758 navem
690 1707 812 1776 tanquam
836 1703 936 1759 Italiam
960 1708 1069 1776 peteret.

259 1781 438 1851 §scripsitque
456 1781 510 1836 haec
530 1780 637 1846 Tiberio,
657 1799 739 1852 neque
756 1799 804 1836 nos
820 1782 943 1854 originem
960 1783 1071 1839 finemve

281 1857 336 1928 ejus
348 1857 385 1911 rei
396 1857 464 1912 ultra
475 1857 650 1928 comperimus.

237 1934 271 1988 ll
315 1933 394 1988 Exitu
418 1934 483 1999 anni,
509 1933 553 1988 diu
577 1937 652 1988 aucta
675 1933 800 1990 discordia
822 1935 954 1990 consulum
974 1937 1070 2006 erupit.

280 2010 348 2066 Nem
367 2011 434 2076 Trio,
454 2011 534 2066 facilis
555 2010 715 2082 capessendis
734 2011 880 2080 inimicitiis,
899 2016 926 2066 et
949 2011 1006 2066 soro
1026 2032 1072 2068 ex·
1143 2054 1144 2071 l

280 2089 381 2153 ercitus‚
406 2091 436 2142 ut
457 2107 560 2159 segnem
583 2087 713 2158 Regulum
734 2088 767 2142 ad
785 2087 960 2160 opprimendos
983 2089 1072 2160 Sejani

258 2165 408 2222 tministros
420 2163 520 2235 oblique
531 2164 722 2236 perstrinxerat.
758 2165 815 2230 Ille,
827 2165 876 2220 nisi
892 2165 1069 2235 lacesseretur,

279 2242 408 2296 modestia
420 2242 539 2307 retinens,
559 2260 610 2296 non
627 2240 703 2295 modo
717 2241 815 2296 retudit
832 2241 962 2314 collegam,
976 2243 1020 2297 sed
1037 2252 1071 2298 ut

257 2319 381 2373 8noriurn
394 2319 572 2391 conjurationis
582 2318 614 2372 ad
626 2318 826 2389 disquisitionem
838 2319 963 2374 trahebat.
1000 2319 1070 2375 Mul-

279 2394 363 2465 tisque
384 2399 485 2466 patrum
505 2394 636 2450 orantibus
655 2399 778 2465 ponerent
799 2395 858 2450 odia
879 2397 907 2450 in
930 2397 1069 2468 perniciem

594 2637 613 2684 Ο

278 2471 353 2603 itpra,
365 2491 480 2604 qnausere
491 2472 584 2528 infensi
600 2490 630 2527 ac
646 2471 801 2539 minitantes,
820 2471 900 2528 donec
915 2473 1069 2546 magistratu
1142 2460 1144 2537 l

279 2567 294 2604 a
311 2567 384 2606 neu.
1142 2560 1144 2571 '
