2550 3500
290 382 336 429 180
628 385 748 433 ΤΑΟΙΤΙ

346 492 352 504 .
855 447 1074 509 [nuens-rsa

287 495 368 559 vert13
387 511 461 564 posse
475 496 625 569 quandoque
642 497 785 552 Germanici
799 496 906 551 exitrum
921 500 1076 568 penitentie

266 570 385 641 3†esse†
396 573 458 626 seni.
490 574 569 627 Simul
576 574 684 645 populus
696 574 791 645 effigies
798 574 946 645 Agrippina
957 593 987 629 ao
994 577 1076 631 Nero·

287 648 327 702 nis
339 666 430 718 gerens
442 649 605 705 circumsistit
622 651 726 717 curium,
745 651 887 721 faustisque
903 652 931 705 in
949 652 1075 708 (lacerem

288 724 412 813 ominibus
425 725 500 813 fqlsas
511 727 610 815 litteras
623 732 650 782 et
662 728 775 799 principe
786 728 868 782 inrito
874 728 981 783 exitium
988 729 1076 787 domui

265 801 597 936 ,llttltllttllt
614 804 1076 939 ltmllltbltltlttdt

288 956 408 1027 Sejanum
428 959 567 1024 sententia,
589 958 765 1015 exercentibus
784 958 911 1030 plerisque
929 977 976 1030 per
990 960 1075 1016 occul-

264 1038 350 1100 ttum‚
364 1038 440 1105 atque
452 1052 482 1089 eo
493 1036 630 1107 procacius,
648 1035 777 1091 libidinem
792 1036 959 1108 ingeniorum.
999 1038 1075 1093 Unde
1146 1091 1148 1100 ,

285 1111 323 1166 illi
334 1111 372 1165 ira
387 1112 519 1167 violentior
535 1117 561 1167 et
578 1113 697 1168 materies
714 1114 878 1169 criminandi:
897 1118 1011 1185 spretum
1029 1114 1075 1169 do-

286 1187 364 1243 lorem
383 1189 502 1261 principis
518 1190 550 1245 ab
568 1194 666 1258 senatu,
682 1190 818 1245 descivisse
833 1191 954 1261 populum
963 1212 971 1257 ;
989 1191 1076 1249 audiri

283 1265 336 1337 jam
356 1270 383 1321 et
403 1266 453 1338 legi
471 1286 549 1321 novas
570 1268 711 1333 conciones,
732 1286 799 1322 nova
818 1273 920 1338 patrum
941 1268 1077 1335 consulta3
1146 1333 1148 1336 ¹

286 1342 347 1413 quid
369 1344 493 1415 reliquum
516 1344 566 1398 nisi
588 1349 619 1399 ut
642 1349 762 1415 caperent
784 1345 881 1399 ferrum
905 1348 940 1410 et,
965 1362 1077 1415 quonum

285 1420 406 1492 imagines
418 1440 464 1493 pro
480 1421 577 1475 vexillis
596 1422 678 1476 secuti
694 1422 787 1486 forent,
803 1420 880 1477 duces
897 1421 1077 1493 imperatores·
1146 1463 1148 1466 -

259 1498 334 1569 dque
346 1498 505 1570 deligerent?
524 1498 609 1569 Igitur
621 1499 714 1563 Cesar,
727 1498 843 1569 repetitis
853 1497 987 1553 adversum
995 1517 1079 1570 nepo-

284 1580 336 1630 tem
349 1580 375 1631 et
387 1595 477 1631 nurum
491 1576 597 1646 probris,
609 1576 782 1647 increpitaque
797 1594 843 1646 per
860 1576 972 1630 edictum
989 1576 1075 1647 plebe,

284 1657 389 1723 questus
402 1653 469 1724 apud
480 1658 565 1723 patres
577 1652 646 1723 quod
657 1652 746 1707 bande
762 1653 839 1706 unius
855 1654 979 1707 senatoris
995 1654 1079 1725 impe·
1146 1645 1148 1712 Ι

283 1730 377 1785 ratoria
388 1730 508 1802 majestas
520 1730 591 1786 eluso
601 1730 701 1802 publice
713 1730 787 1795 foret,
804 1730 905 1802 integra
919 1734 1007 1786 tamen
1025 1731 1079 1788 sibi
1146 1750 1148 1787 :

261 1811 376 1862 tcuncta
386 1807 532 1878 postulavit.
569 1807 625 1862 Nec
643 1807 712 1861 ultra
727 1806 893 1862 deliberatum
909 1825 961 1878 quo
978 1808 1076 1875 minue,

282 1902 334 1938 non
353 1884 453 1955 quidem
473 1892 585 1938 extrema
606 1883 777 1952 decernerent,
797 1883 835 1953 (id
855 1884 922 1938 enim
940 1885 1078 1955 vetitum)

283 1961 334 2028 sed,
355 1967 456 2033 paratos
478 1961 511 2016 ad
528 1962 659 2026 ultionem,
677 1961 704 2016 ri
721 1961 842 2033 principis
859 1961 977 2033 impediri
993 1965 1079 2018 testa.

281 2044 378 2094 rentur.

257 2116 274 2170 6
317 2159 364 2172 ...
384 2117 515 2176 Quattuor
530 2119 557 2170 et
575 2114 742 2186 quadraginta
757 2113 884 2169 orationes
900 2133 978 2185 super
992 2133 1026 2169 ea
1042 2135 1077 2172 re

212 2194 380 2282 *gggbhabitaa
400 2213 431 2249 ex
449 2193 508 2265 quis
526 2193 558 2248 ob
576 2196 671 2248 metum
691 2209 784 2263 pauore,
803 2191 889 2262 plures
906 2192 1079 2249 assuetudine

222 2298 243 2328 a.
254 2267 288 2327 ὁ..
303 2314 308 2327 .
323 2315 329 2327 .
344 2278 361 2301 “
369 2272 436 2327 Mihi
454 2270 583 2342 pudorem,
602 2273 648 2324 aut
669 2270 761 2340 Sejano
781 2267 909 2341 invidiam,
931 2267 1079 2326 allaturum

236 2338 273 2436 ⁸¹2
281 2349 374 2404 censui.
409 2350 492 2404 Versa
503 2352 543 2402 est
554 2348 665 2411 fortuna,
675 2351 702 2401 et
713 2346 756 2400 ille
768 2345 877 2416 quidem,
890 2345 935 2414 qui
946 2345 1079 2416 collegam

280 2429 306 2482 et
324 2445 444 2498 generum
463 2426 594 2492 asciverat,
612 2424 661 2478 sibi
676 2423 805 2495 ignoscit;
823 2422 909 2487 ceteri,
928 2441 1003 2493 quem
1024 2442 1079 2494 per

257 2503 402 2560 udedeoora
413 2503 505 2568 fovere,
519 2521 576 2557 cum
588 2501 682 2556 scelere
693 2501 862 2555 insectantur.
898 2499 1024 2554 Miserius
1035 2502 1078 2558 eit

278 2580 311 2636 ob
329 2581 465 2634 amicitiam
482 2579 595 2634 accusari
612 2596 646 2632 an
663 2577 771 2632 amioum
790 2593 916 2641 accusare,
935 2576 1005 2632 haud
1019 2577 1078 2634 die-

255 2657 407 2715 loreverim.
443 2657 504 2711 Non
524 2655 707 2718 crudelitatem,
726 2671 779 2707 non
801 2653 961 2708 clementiam
983 2655 1079 2726 cujus-
1146 2722 1148 2729 Ι

278 2753 354 2806 quam
366 2733 487 2804 experiar,
500 2733 545 2787 sed
561 2732 624 2786 liber
642 2734 669 2785 et
683 2730 808 2800 mihiipsi
823 2730 946 2802 probatus
963 2732 1078 2789 anteibo

255 2812 424 2884 opericulum.
471 2811 525 2864 Vos
549 2808 664 2863 obtestor
686 2825 719 2862 ne
746 2807 892 2862 memoriam
914 2809 998 2862 nostri
1023 2828 1079 2880 per

276 2907 406 2944 merorem
424 2906 499 2959 quam
517 2886 570 2940 lati
589 2884 728 2950 retineatis,
748 2883 887 2956 adjiciendo
905 2902 946 2940 me
963 2903 1078 2957 quoque

253 2973 315 3043 tiis,
333 2973 377 3044 qui
394 2971 444 3027 fine
462 2969 564 3044 egregio
582 2967 684 3039 publica
701 2968 768 3024 mala
785 2969 956 3038 effugemus?
992 2969 1078 3027 qm
