<?xml version="1.0" encoding="UTF-8"?>
<!DOCTYPE html PUBLIC "-//W3C//DTD XHTML 1.0 Transitional//EN"
    "http://www.w3.org/TR/xhtml1/DTD/xhtml1-transitional.dtd">
<html xmlns="http://www.w3.org/1999/xhtml" xml:lang="en" lang="en">
 <head>
  <title>
</title>
<meta http-equiv="Content-Type" content="text/html;charset=utf-8" />
  <meta name='ocr-system' content='tesseract 3.04.00' />
  <meta name='ocr-capabilities' content='ocr_page ocr_carea ocr_par ocr_line ocrx_word'/>
</head>
<body>
  <div class='ocr_page' id='page_1' title='image "./operaomniaadfid01tacigoog_0161.png"; bbox 0 0 2550 3500; ppageno 0'>
   <div class='ocr_carea' id='block_1_1' title="bbox 191 386 980 499">
    <p class='ocr_par' dir='ltr' id='par_1_1' title="bbox 191 386 980 499">
     <span class='ocr_line' id='line_1_1' title="bbox 191 386 980 499; baseline 0.003 -64"><span class='ocrx_word' id='word_1_1' title='bbox 191 452 210 491; x_wconf 54' lang='grc' dir='ltr'><strong>Α</strong></span> <span class='ocrx_word' id='word_1_2' title='bbox 228 452 247 491; x_wconf 73' lang='lat' dir='ltr'>D</span> <span class='ocrx_word' id='word_1_3' title='bbox 267 452 308 499; x_wconf 59' lang='grc'><strong>25]</strong></span> <span class='ocrx_word' id='word_1_4' title='bbox 383 386 580 437; x_wconf 83' lang='lat' dir='ltr'>ANNALIUM</span> <span class='ocrx_word' id='word_1_5' title='bbox 599 390 643 437; x_wconf 84' lang='lat' dir='ltr'><strong>IV.</strong></span> <span class='ocrx_word' id='word_1_6' title='bbox 663 392 765 438; x_wconf 80' lang='lat'><strong>35-38.</strong></span> <span class='ocrx_word' id='word_1_7' title='bbox 935 392 980 438; x_wconf 77' lang='lat'><strong>155</strong></span> 
     </span>
    </p>
   </div>
   <div class='ocr_carea' id='block_1_2' title="bbox 131 499 1028 3044">
    <p class='ocr_par' dir='ltr' id='par_1_2' title="bbox 187 499 1006 803">
     <span class='ocr_line' id='line_1_2' title="bbox 187 499 1006 572; baseline 0 -17"><span class='ocrx_word' id='word_1_8' title='bbox 187 500 330 572; x_wconf 86' lang='lat' dir='ltr'><strong>juscemodi</strong></span> <span class='ocrx_word' id='word_1_9' title='bbox 342 502 480 555; x_wconf 86' lang='lat' dir='ltr'><strong>orationem</strong></span> <span class='ocrx_word' id='word_1_10' title='bbox 493 501 568 572; x_wconf 85' lang='lat' dir='ltr'><strong>coepit</strong></span> <span class='ocrx_word' id='word_1_11' title='bbox 577 506 638 555; x_wconf 90' lang='lat'><strong>:—“</strong></span> <span class='ocrx_word' id='word_1_12' title='bbox 646 502 711 567; x_wconf 85' lang='lat' dir='ltr'><strong>Scio,</strong></span> <span class='ocrx_word' id='word_1_13' title='bbox 725 502 815 556; x_wconf 90' lang='lat' dir='ltr'><strong>Patres</strong></span> <span class='ocrx_word' id='word_1_14' title='bbox 828 499 1006 571; x_wconf 78' lang='lat' dir='ltr'><strong>Conscripti,8</strong></span> 
     </span>
     <span class='ocr_line' id='line_1_3' title="bbox 190 578 981 649; baseline -0.001 -17"><span class='ocrx_word' id='word_1_15' title='bbox 190 578 361 632; x_wconf 81' lang='lat' dir='ltr'><strong>constantiam</strong></span> <span class='ocrx_word' id='word_1_16' title='bbox 373 597 454 633; x_wconf 88' lang='lat' dir='ltr'><strong>meam</strong></span> <span class='ocrx_word' id='word_1_17' title='bbox 466 597 481 632; x_wconf 89' lang='lat' dir='ltr'><strong>a</strong></span> <span class='ocrx_word' id='word_1_18' title='bbox 492 578 618 649; x_wconf 88' lang='lat' dir='ltr'><strong>plerisque</strong></span> <span class='ocrx_word' id='word_1_19' title='bbox 635 578 810 646; x_wconf 81' lang='lat' dir='ltr'><strong>desideratam,</strong></span> <span class='ocrx_word' id='word_1_20' title='bbox 827 578 895 649; x_wconf 91' lang='lat' dir='ltr'><strong>quod</strong></span> <span class='ocrx_word' id='word_1_21' title='bbox 911 578 981 632; x_wconf 84' lang='lat' dir='ltr'><strong>Asiae</strong></span> 
     </span>
     <span class='ocr_line' id='line_1_4' title="bbox 190 654 982 726; baseline -0.001 -17"><span class='ocrx_word' id='word_1_22' title='bbox 190 655 345 720; x_wconf 86' lang='lat' dir='ltr'><strong>civitatibus,</strong></span> <span class='ocrx_word' id='word_1_23' title='bbox 367 674 448 726; x_wconf 87' lang='lat' dir='ltr'>nuper</span> <span class='ocrx_word' id='word_1_24' title='bbox 466 655 533 709; x_wconf 91' lang='lat' dir='ltr'><strong>idem</strong></span> <span class='ocrx_word' id='word_1_25' title='bbox 549 656 619 710; x_wconf 91' lang='lat' dir='ltr'><strong>istud</strong></span> <span class='ocrx_word' id='word_1_26' title='bbox 635 656 790 726; x_wconf 88' lang='lat' dir='ltr'><strong>petentibus,</strong></span> <span class='ocrx_word' id='word_1_27' title='bbox 809 674 861 709; x_wconf 91' lang='lat' dir='ltr'><strong>non</strong></span> <span class='ocrx_word' id='word_1_28' title='bbox 876 656 924 709; x_wconf 92' lang='lat' dir='ltr'><strong>sim</strong></span> <span class='ocrx_word' id='word_1_29' title='bbox 940 654 982 708; x_wconf 90' lang='lat' dir='ltr'><strong>ad-</strong></span> 
     </span>
     <span class='ocr_line' id='line_1_5' title="bbox 188 731 982 803; baseline 0.001 -18"><span class='ocrx_word' id='word_1_30' title='bbox 188 739 314 785; x_wconf 86' lang='lat' dir='ltr'><strong>versatus.</strong></span> <span class='ocrx_word' id='word_1_31' title='bbox 350 732 420 803; x_wconf 82' lang='lat' dir='ltr'><strong>Ergo</strong></span> <span class='ocrx_word' id='word_1_32' title='bbox 433 736 459 787; x_wconf 91' lang='lat' dir='ltr'><strong>et</strong></span> <span class='ocrx_word' id='word_1_33' title='bbox 471 733 562 803; x_wconf 86' lang='lat' dir='ltr'><strong>prioris</strong></span> <span class='ocrx_word' id='word_1_34' title='bbox 574 733 669 786; x_wconf 88' lang='lat' dir='ltr'><strong>silentii</strong></span> <span class='ocrx_word' id='word_1_35' title='bbox 684 733 863 797; x_wconf 78' lang='lat' dir='ltr'><strong>defensionem,</strong></span> <span class='ocrx_word' id='word_1_36' title='bbox 877 737 903 786; x_wconf 89' lang='grc'><strong>11</strong></span> <span class='ocrx_word' id='word_1_37' title='bbox 920 731 982 802; x_wconf 92' lang='lat' dir='ltr'><strong>quid</strong></span> 
     </span>
    </p>

    <p class='ocr_par' dir='ltr' id='par_1_3' title="bbox 131 808 1028 3044">
     <span class='ocr_line' id='line_1_6' title="bbox 131 808 1006 880; baseline -0.003 -17"><span class='ocrx_word' id='word_1_38' title='bbox 131 818 133 827; x_wconf 82' lang='grc'>’</span> <span class='ocrx_word' id='word_1_39' title='bbox 188 809 217 863; x_wconf 91' lang='lat' dir='ltr'><strong>in</strong></span> <span class='ocrx_word' id='word_1_40' title='bbox 245 808 361 863; x_wconf 81' lang='lat' dir='ltr'><strong>futurum</strong></span> <span class='ocrx_word' id='word_1_41' title='bbox 386 810 526 875; x_wconf 86' lang='lat' dir='ltr'><strong>statuerim,</strong></span> <span class='ocrx_word' id='word_1_42' title='bbox 553 809 628 863; x_wconf 86' lang='lat' dir='ltr'><strong>simul</strong></span> <span class='ocrx_word' id='word_1_43' title='bbox 652 811 769 880; x_wconf 88' lang='lat' dir='ltr'><strong>aperiam.</strong></span> <span class='ocrx_word' id='word_1_44' title='bbox 818 810 884 863; x_wconf 87' lang='lat' dir='ltr'><strong>Cum</strong></span> <span class='ocrx_word' id='word_1_45' title='bbox 908 808 1006 863; x_wconf 74' lang='lat' dir='ltr'><strong>divust</strong></span> 
     </span>
     <span class='ocr_line' id='line_1_7' title="bbox 189 886 982 959; baseline -0.001 -18"><span class='ocrx_word' id='word_1_46' title='bbox 189 888 326 957; x_wconf 82' lang='lat' dir='ltr'><strong>Augustus</strong></span> <span class='ocrx_word' id='word_1_47' title='bbox 340 886 388 941; x_wconf 90' lang='lat' dir='ltr'><strong>sibi</strong></span> <span class='ocrx_word' id='word_1_48' title='bbox 400 895 476 959; x_wconf 88' lang='lat' dir='ltr'><strong>atqua</strong></span> <span class='ocrx_word' id='word_1_49' title='bbox 488 888 546 942; x_wconf 90' lang='lat' dir='ltr'><strong>urbi</strong></span> <span class='ocrx_word' id='word_1_50' title='bbox 557 889 648 942; x_wconf 82' lang='lat' dir='ltr'><strong>Rcmae</strong></span> <span class='ocrx_word' id='word_1_51' title='bbox 665 888 788 959; x_wconf 92' lang='lat' dir='ltr'><strong>templum</strong></span> <span class='ocrx_word' id='word_1_52' title='bbox 806 886 873 957; x_wconf 88' lang='lat' dir='ltr'><strong>apud</strong></span> <span class='ocrx_word' id='word_1_53' title='bbox 887 888 982 957; x_wconf 87' lang='lat' dir='ltr'><strong>Perga-</strong></span> 
     </span>
     <span class='ocr_line' id='line_1_8' title="bbox 189 964 982 1035; baseline 0.003 -18"><span class='ocrx_word' id='word_1_54' title='bbox 189 982 260 1017; x_wconf 88' lang='lat' dir='ltr'><strong>mum</strong></span> <span class='ocrx_word' id='word_1_55' title='bbox 277 964 334 1018; x_wconf 90' lang='lat' dir='ltr'><strong>sisti</strong></span> <span class='ocrx_word' id='word_1_56' title='bbox 350 982 402 1019; x_wconf 92' lang='lat' dir='ltr'><strong>nou</strong></span> <span class='ocrx_word' id='word_1_57' title='bbox 420 965 597 1035; x_wconf 84' lang='lat' dir='ltr'><strong>prohibuisset,</strong></span> <span class='ocrx_word' id='word_1_58' title='bbox 616 965 660 1035; x_wconf 90' lang='lat' dir='ltr'><strong>qui</strong></span> <span class='ocrx_word' id='word_1_59' title='bbox 678 965 762 1019; x_wconf 83' lang='lat' dir='ltr'><strong>omnia</strong></span> <span class='ocrx_word' id='word_1_60' title='bbox 779 967 848 1019; x_wconf 87' lang='lat' dir='ltr'><strong>facta</strong></span> <span class='ocrx_word' id='word_1_61' title='bbox 864 964 982 1035; x_wconf 89' lang='lat' dir='ltr'><strong>dictaque</strong></span> 
     </span>
     <span class='ocr_line' id='line_1_9' title="bbox 190 1040 982 1113; baseline 0.001 -19"><span class='ocrx_word' id='word_1_62' title='bbox 190 1041 246 1111; x_wconf 86' lang='lat' dir='ltr'><strong>ejus</strong></span> <span class='ocrx_word' id='word_1_63' title='bbox 258 1041 314 1095; x_wconf 88' lang='lat' dir='ltr'><strong>vioe</strong></span> <span class='ocrx_word' id='word_1_64' title='bbox 325 1040 388 1112; x_wconf 86' lang='lat' dir='ltr'><strong>legis</strong></span> <span class='ocrx_word' id='word_1_65' title='bbox 397 1041 534 1111; x_wconf 83' lang='lat' dir='ltr'><strong>observem,</strong></span> <span class='ocrx_word' id='word_1_66' title='bbox 544 1043 663 1113; x_wconf 88' lang='lat' dir='ltr'><strong>placitum</strong></span> <span class='ocrx_word' id='word_1_67' title='bbox 670 1042 722 1113; x_wconf 88' lang='lat' dir='ltr'><strong>jam</strong></span> <span class='ocrx_word' id='word_1_68' title='bbox 732 1041 873 1112; x_wconf 83' lang='lat' dir='ltr'><strong>exemplum</strong></span> <span class='ocrx_word' id='word_1_69' title='bbox 883 1060 982 1112; x_wconf 91' lang='lat' dir='ltr'><strong>promp-</strong></span> 
     </span>
     <span class='ocr_line' id='line_1_10' title="bbox 189 1118 980 1190; baseline 0.001 -19"><span class='ocrx_word' id='word_1_70' title='bbox 189 1118 243 1171; x_wconf 87' lang='lat' dir='ltr'><strong>tius</strong></span> <span class='ocrx_word' id='word_1_71' title='bbox 264 1122 368 1172; x_wconf 87' lang='lat' dir='ltr'><strong>secutus</strong></span> <span class='ocrx_word' id='word_1_72' title='bbox 388 1136 452 1183; x_wconf 85' lang='lat' dir='ltr'><strong>sum,</strong></span> <span class='ocrx_word' id='word_1_73' title='bbox 474 1120 532 1190; x_wconf 88' lang='lat' dir='ltr'><strong>quia</strong></span> <span class='ocrx_word' id='word_1_74' title='bbox 550 1119 631 1174; x_wconf 86' lang='lat' dir='ltr'><strong>cultui</strong></span> <span class='ocrx_word' id='word_1_75' title='bbox 649 1137 705 1173; x_wconf 91' lang='lat' dir='ltr'><strong>meo</strong></span> <span class='ocrx_word' id='word_1_76' title='bbox 727 1119 856 1173; x_wconf 89' lang='lat' dir='ltr'><strong>veneratio</strong></span> <span class='ocrx_word' id='word_1_77' title='bbox 877 1124 980 1172; x_wconf 83' lang='lat' dir='ltr'><strong>senatus</strong></span> 
     </span>
     <span class='ocr_line' id='line_1_11' title="bbox 190 1194 1005 1266; baseline -0.001 -19"><span class='ocrx_word' id='word_1_78' title='bbox 190 1194 383 1265; x_wconf 79' lang='lat' dir='ltr'><strong>adjrmgebatur.</strong></span> <span class='ocrx_word' id='word_1_79' title='bbox 435 1196 556 1250; x_wconf 82' lang='lat' dir='ltr'><strong>Ceterum</strong></span> <span class='ocrx_word' id='word_1_80' title='bbox 579 1201 609 1250; x_wconf 90' lang='lat' dir='ltr'><strong>ut</strong></span> <span class='ocrx_word' id='word_1_81' title='bbox 634 1195 711 1250; x_wconf 88' lang='lat' dir='ltr'><strong>semel</strong></span> <span class='ocrx_word' id='word_1_82' title='bbox 734 1197 859 1266; x_wconf 86' lang='lat' dir='ltr'><strong>recepisse</strong></span> <span class='ocrx_word' id='word_1_83' title='bbox 882 1197 1005 1249; x_wconf 81' lang='lat' dir='ltr'><strong>veniam5</strong></span> 
     </span>
     <span class='ocr_line' id='line_1_12' title="bbox 189 1271 981 1344; baseline 0 -19"><span class='ocrx_word' id='word_1_84' title='bbox 189 1271 317 1337; x_wconf 87' lang='lat' dir='ltr'><strong>habuerit,</strong></span> <span class='ocrx_word' id='word_1_85' title='bbox 341 1272 380 1325; x_wconf 86' lang='lat' dir='ltr'><strong>ita</strong></span> <span class='ocrx_word' id='word_1_86' title='bbox 403 1291 448 1343; x_wconf 88' lang='lat' dir='ltr'><strong>per</strong></span> <span class='ocrx_word' id='word_1_87' title='bbox 471 1291 557 1328; x_wconf 89' lang='lat' dir='ltr'><strong>omnes</strong></span> <span class='ocrx_word' id='word_1_88' title='bbox 581 1274 723 1344; x_wconf 89' lang='lat' dir='ltr'><strong>provincias</strong></span> <span class='ocrx_word' id='word_1_89' title='bbox 747 1273 828 1343; x_wconf 85' lang='lat' dir='ltr'><strong>effigie</strong></span> <span class='ocrx_word' id='word_1_90' title='bbox 849 1274 981 1326; x_wconf 90' lang='lat' dir='ltr'><strong>numinum</strong></span> 
     </span>
     <span class='ocr_line' id='line_1_13' title="bbox 190 1349 982 1421; baseline 0 -18"><span class='ocrx_word' id='word_1_91' title='bbox 190 1349 286 1403; x_wconf 87' lang='lat' dir='ltr'><strong>sacrari</strong></span> <span class='ocrx_word' id='word_1_92' title='bbox 304 1350 472 1417; x_wconf 87' lang='lat' dir='ltr'><strong>ambitiosum,</strong></span> <span class='ocrx_word' id='word_1_93' title='bbox 496 1350 650 1421; x_wconf 90' lang='lat' dir='ltr'><strong>superbum;</strong></span> <span class='ocrx_word' id='word_1_94' title='bbox 677 1355 703 1405; x_wconf 91' lang='grc'><strong>11</strong></span> <span class='ocrx_word' id='word_1_95' title='bbox 728 1354 845 1404; x_wconf 82' lang='lat' dir='ltr'><strong>vanescet</strong></span> <span class='ocrx_word' id='word_1_96' title='bbox 869 1350 982 1421; x_wconf 84' lang='lat' dir='ltr'><strong>Augusti</strong></span> 
     </span>
     <span class='ocr_line' id='line_1_14' title="bbox 190 1426 1028 1498; baseline 0.005 -19"><span class='ocrx_word' id='word_1_97' title='bbox 190 1426 280 1491; x_wconf 89' lang='lat' dir='ltr'><strong>honor,</strong></span> <span class='ocrx_word' id='word_1_98' title='bbox 301 1426 323 1480; x_wconf 90' lang='lat' dir='ltr'><strong>si</strong></span> <span class='ocrx_word' id='word_1_99' title='bbox 340 1427 471 1497; x_wconf 88' lang='lat' dir='ltr'><strong>promiscis</strong></span> <span class='ocrx_word' id='word_1_100' title='bbox 490 1427 676 1481; x_wconf 87' lang='lat' dir='ltr'><strong>adulationibus</strong></span> <span class='ocrx_word' id='word_1_101' title='bbox 694 1427 821 1498; x_wconf 82' lang='lat' dir='ltr'><strong>vulgatur.</strong></span> <span class='ocrx_word' id='word_1_102' title='bbox 857 1426 914 1496; x_wconf 83' lang='lat' dir='ltr'><strong>Ego</strong></span> <span class='ocrx_word' id='word_1_103' title='bbox 931 1446 979 1492; x_wconf 93' lang='lat' dir='ltr'><strong>me,</strong></span> <span class='ocrx_word' id='word_1_104' title='bbox 991 1432 1028 1485; x_wconf 85' lang='grc'><strong>38</strong></span> 
     </span>
     <span class='ocr_line' id='line_1_15' title="bbox 191 1504 982 1575; baseline 0.003 -19"><span class='ocrx_word' id='word_1_105' title='bbox 191 1504 283 1557; x_wconf 85' lang='lat' dir='ltr'><strong>Patres</strong></span> <span class='ocrx_word' id='word_1_106' title='bbox 308 1504 460 1575; x_wconf 69' lang='lat' dir='ltr'><strong>conscripti,</strong></span> <span class='ocrx_word' id='word_1_107' title='bbox 479 1505 611 1559; x_wconf 85' lang='lat' dir='ltr'><strong>mortalem</strong></span> <span class='ocrx_word' id='word_1_108' title='bbox 634 1523 690 1559; x_wconf 90' lang='lat' dir='ltr'><strong>esse</strong></span> <span class='ocrx_word' id='word_1_109' title='bbox 708 1509 735 1559; x_wconf 88' lang='lat' dir='ltr'><strong>at</strong></span> <span class='ocrx_word' id='word_1_110' title='bbox 753 1504 882 1557; x_wconf 89' lang='lat' dir='ltr'><strong>bominum</strong></span> <span class='ocrx_word' id='word_1_111' title='bbox 902 1504 982 1558; x_wconf 89' lang='lat' dir='ltr'><strong>officia</strong></span> 
     </span>
     <span class='ocr_line' id='line_1_16' title="bbox 191 1580 981 1653; baseline 0.003 -20"><span class='ocrx_word' id='word_1_112' title='bbox 191 1580 272 1652; x_wconf 85' lang='lat' dir='ltr'><strong>iungi,</strong></span> <span class='ocrx_word' id='word_1_113' title='bbox 287 1582 399 1651; x_wconf 89' lang='lat' dir='ltr'><strong>satisque</strong></span> <span class='ocrx_word' id='word_1_114' title='bbox 411 1582 503 1636; x_wconf 86' lang='lat' dir='ltr'><strong>habere</strong></span> <span class='ocrx_word' id='word_1_115' title='bbox 519 1582 542 1636; x_wconf 87' lang='lat' dir='ltr'><strong>ei</strong></span> <span class='ocrx_word' id='word_1_116' title='bbox 557 1582 642 1636; x_wconf 86' lang='lat' dir='ltr'><strong>locum</strong></span> <span class='ocrx_word' id='word_1_117' title='bbox 658 1582 797 1653; x_wconf 89' lang='lat' dir='ltr'><strong>principem</strong></span> <span class='ocrx_word' id='word_1_118' title='bbox 811 1581 935 1652; x_wconf 89' lang='lat' dir='ltr'><strong>impleam,</strong></span> <span class='ocrx_word' id='word_1_119' title='bbox 955 1585 981 1635; x_wconf 85' lang='lat' dir='ltr'><strong>et</strong></span> 
     </span>
     <span class='ocr_line' id='line_1_17' title="bbox 191 1658 982 1730; baseline 0 -19"><span class='ocrx_word' id='word_1_120' title='bbox 191 1675 237 1711; x_wconf 87' lang='lat' dir='ltr'><strong>vos</strong></span> <span class='ocrx_word' id='word_1_121' title='bbox 249 1663 332 1711; x_wconf 89' lang='lat' dir='ltr'><strong>testor</strong></span> <span class='ocrx_word' id='word_1_122' title='bbox 345 1664 371 1713; x_wconf 90' lang='grc'><strong>11</strong></span> <span class='ocrx_word' id='word_1_123' title='bbox 383 1658 526 1713; x_wconf 88' lang='lat' dir='ltr'><strong>meminisse</strong></span> <span class='ocrx_word' id='word_1_124' title='bbox 538 1664 654 1730; x_wconf 87' lang='lat' dir='ltr'><strong>posteros</strong></span> <span class='ocrx_word' id='word_1_125' title='bbox 666 1658 723 1713; x_wconf 91' lang='lat' dir='ltr'><strong>volo</strong></span> <span class='ocrx_word' id='word_1_126' title='bbox 734 1679 740 1724; x_wconf 89' lang='lat'>;</span> <span class='ocrx_word' id='word_1_127' title='bbox 759 1658 803 1730; x_wconf 91' lang='lat' dir='ltr'><strong>qui</strong></span> <span class='ocrx_word' id='word_1_128' title='bbox 814 1659 877 1712; x_wconf 89' lang='lat' dir='ltr'><strong>satis</strong></span> <span class='ocrx_word' id='word_1_129' title='bbox 895 1676 982 1729; x_wconf 92' lang='lat' dir='ltr'><strong>super-</strong></span> 
     </span>
     <span class='ocr_line' id='line_1_18' title="bbox 193 1735 980 1809; baseline 0.001 -20"><span class='ocrx_word' id='word_1_130' title='bbox 193 1753 241 1806; x_wconf 86' lang='lat' dir='ltr'><strong>que</strong></span> <span class='ocrx_word' id='word_1_131' title='bbox 253 1736 381 1790; x_wconf 85' lang='lat' dir='ltr'><strong>memoriae</strong></span> <span class='ocrx_word' id='word_1_132' title='bbox 392 1755 454 1791; x_wconf 79' lang='lat' dir='ltr'><strong>mae</strong></span> <span class='ocrx_word' id='word_1_133' title='bbox 466 1736 587 1802; x_wconf 87' lang='lat' dir='ltr'><strong>tribuent,</strong></span> <span class='ocrx_word' id='word_1_134' title='bbox 601 1740 631 1791; x_wconf 89' lang='lat' dir='ltr'><strong>ut</strong></span> <span class='ocrx_word' id='word_1_135' title='bbox 643 1736 780 1809; x_wconf 86' lang='lat' dir='ltr'><strong>majoribus</strong></span> <span class='ocrx_word' id='word_1_136' title='bbox 792 1736 855 1791; x_wconf 88' lang='lat' dir='ltr'><strong>meis</strong></span> <span class='ocrx_word' id='word_1_137' title='bbox 868 1735 980 1807; x_wconf 85' lang='lat' dir='ltr'><strong>dignum,</strong></span> 
     </span>
     <span class='ocr_line' id='line_1_19' title="bbox 192 1813 980 1885; baseline 0.003 -19"><span class='ocrx_word' id='word_1_138' title='bbox 192 1829 275 1866; x_wconf 86' lang='lat' dir='ltr'><strong>rerum</strong></span> <span class='ocrx_word' id='word_1_139' title='bbox 300 1819 442 1867; x_wconf 85' lang='lat' dir='ltr'><strong>vestrarum</strong></span> <span class='ocrx_word' id='word_1_140' title='bbox 465 1814 605 1885; x_wconf 88' lang='lat' dir='ltr'><strong>providum,</strong></span> <span class='ocrx_word' id='word_1_141' title='bbox 628 1819 788 1868; x_wconf 84' lang='lat' dir='ltr'><strong>constantem</strong></span> <span class='ocrx_word' id='word_1_142' title='bbox 806 1814 834 1868; x_wconf 92' lang='lat' dir='ltr'><strong>in</strong></span> <span class='ocrx_word' id='word_1_143' title='bbox 854 1813 980 1885; x_wconf 68' lang='lat' dir='ltr'><strong>periculis</strong></span> 
     </span>
     <span class='ocr_line' id='line_1_20' title="bbox 193 1890 980 1963; baseline 0.004 -21"><span class='ocrx_word' id='word_1_144' title='bbox 193 1890 359 1944; x_wconf 81' lang='lat' dir='ltr'><strong>offensionum</strong></span> <span class='ocrx_word' id='word_1_145' title='bbox 375 1909 421 1962; x_wconf 88' lang='lat' dir='ltr'><strong>pro</strong></span> <span class='ocrx_word' id='word_1_146' title='bbox 437 1891 549 1946; x_wconf 88' lang='lat' dir='ltr'><strong>utilitate</strong></span> <span class='ocrx_word' id='word_1_147' title='bbox 563 1892 664 1962; x_wconf 91' lang='lat' dir='ltr'><strong>publiea</strong></span> <span class='ocrx_word' id='word_1_148' title='bbox 674 1910 726 1946; x_wconf 93' lang='lat' dir='ltr'><strong>non</strong></span> <span class='ocrx_word' id='word_1_149' title='bbox 737 1890 856 1963; x_wconf 88' lang='lat' dir='ltr'><strong>pavidum</strong></span> <span class='ocrx_word' id='word_1_150' title='bbox 869 1891 980 1946; x_wconf 89' lang='lat' dir='ltr'><strong>credant.</strong></span> 
     </span>
     <span class='ocr_line' id='line_1_21' title="bbox 192 1966 1005 2040; baseline 0.001 -19"><span class='ocrx_word' id='word_1_151' title='bbox 192 1966 258 2022; x_wconf 83' lang='lat' dir='ltr'><strong>Haea</strong></span> <span class='ocrx_word' id='word_1_152' title='bbox 276 1967 339 2021; x_wconf 89' lang='lat' dir='ltr'><strong>mihi</strong></span> <span class='ocrx_word' id='word_1_153' title='bbox 358 1967 386 2021; x_wconf 92' lang='lat' dir='ltr'><strong>in</strong></span> <span class='ocrx_word' id='word_1_154' title='bbox 406 1969 495 2023; x_wconf 88' lang='lat' dir='ltr'><strong>animis</strong></span> <span class='ocrx_word' id='word_1_155' title='bbox 516 1969 607 2024; x_wconf 90' lang='lat' dir='ltr'><strong>vestris</strong></span> <span class='ocrx_word' id='word_1_156' title='bbox 625 1970 727 2040; x_wconf 88' lang='lat' dir='ltr'><strong>templa,</strong></span> <span class='ocrx_word' id='word_1_157' title='bbox 746 1970 785 2024; x_wconf 88' lang='lat' dir='ltr'><strong>hae</strong></span> <span class='ocrx_word' id='word_1_158' title='bbox 807 1969 1005 2040; x_wconf 76' lang='lat' dir='ltr'><strong>pulcherrimaez</strong></span> 
     </span>
     <span class='ocr_line' id='line_1_22' title="bbox 192 2044 983 2116; baseline 0.003 -19"><span class='ocrx_word' id='word_1_159' title='bbox 192 2044 287 2114; x_wconf 85' lang='lat' dir='ltr'><strong>effigies</strong></span> <span class='ocrx_word' id='word_1_160' title='bbox 311 2049 337 2098; x_wconf 90' lang='lat' dir='ltr'><strong>et</strong></span> <span class='ocrx_word' id='word_1_161' title='bbox 361 2063 492 2100; x_wconf 78' lang='lat' dir='ltr'><strong>mamurra,</strong></span> <span class='ocrx_word' id='word_1_162' title='bbox 539 2046 609 2100; x_wconf 88' lang='lat' dir='ltr'><strong>Nam</strong></span> <span class='ocrx_word' id='word_1_163' title='bbox 629 2065 687 2116; x_wconf 83' lang='lat' dir='ltr'><strong>quae</strong></span> <span class='ocrx_word' id='word_1_164' title='bbox 711 2064 772 2100; x_wconf 83' lang='lat' dir='ltr'><strong>saxo</strong></span> <span class='ocrx_word' id='word_1_165' title='bbox 791 2050 933 2110; x_wconf 86' lang='lat' dir='ltr'><strong>struuntur,</strong></span> <span class='ocrx_word' id='word_1_166' title='bbox 959 2045 983 2099; x_wconf 89' lang='lat' dir='ltr'><strong>si</strong></span> 
     </span>
     <span class='ocr_line' id='line_1_23' title="bbox 188 2123 982 2195; baseline 0 -18"><span class='ocrx_word' id='word_1_167' title='bbox 188 2123 313 2195; x_wconf 91' lang='lat' dir='ltr'><strong>judicium</strong></span> <span class='ocrx_word' id='word_1_168' title='bbox 334 2128 493 2194; x_wconf 88' lang='lat' dir='ltr'><strong>posterorum</strong></span> <span class='ocrx_word' id='word_1_169' title='bbox 515 2125 543 2179; x_wconf 90' lang='lat' dir='ltr'><strong>in</strong></span> <span class='ocrx_word' id='word_1_170' title='bbox 562 2124 648 2179; x_wconf 88' lang='lat' dir='ltr'><strong>odium</strong></span> <span class='ocrx_word' id='word_1_171' title='bbox 667 2126 753 2189; x_wconf 86' lang='lat' dir='ltr'><strong>vertit,</strong></span> <span class='ocrx_word' id='word_1_172' title='bbox 776 2143 822 2195; x_wconf 90' lang='lat' dir='ltr'><strong>pro</strong></span> <span class='ocrx_word' id='word_1_173' title='bbox 843 2124 982 2195; x_wconf 90' lang='lat' dir='ltr'><strong>sepulchris</strong></span> 
     </span>
     <span class='ocr_line' id='line_1_24' title="bbox 191 2201 1006 2274; baseline -0.002 -18"><span class='ocrx_word' id='word_1_174' title='bbox 191 2203 356 2274; x_wconf 85' lang='lat' dir='ltr'><strong>spernuntur.</strong></span> <span class='ocrx_word' id='word_1_175' title='bbox 392 2202 503 2256; x_wconf 90' lang='lat' dir='ltr'><strong>Proinde</strong></span> <span class='ocrx_word' id='word_1_176' title='bbox 515 2203 604 2267; x_wconf 88' lang='lat' dir='ltr'><strong>socios,</strong></span> <span class='ocrx_word' id='word_1_177' title='bbox 624 2203 700 2267; x_wconf 89' lang='lat' dir='ltr'><strong>cives,</strong></span> <span class='ocrx_word' id='word_1_178' title='bbox 719 2206 745 2256; x_wconf 91' lang='lat' dir='ltr'><strong>et</strong></span> <span class='ocrx_word' id='word_1_179' title='bbox 762 2201 822 2256; x_wconf 91' lang='lat' dir='ltr'><strong>deos</strong></span> <span class='ocrx_word' id='word_1_180' title='bbox 839 2201 908 2272; x_wconf 89' lang='lat' dir='ltr'><strong>ipsos</strong></span> <span class='ocrx_word' id='word_1_181' title='bbox 927 2210 1006 2270; x_wconf 81' lang='lat' dir='ltr'><strong>pre-3</strong></span> 
     </span>
     <span class='ocr_line' id='line_1_25' title="bbox 191 2277 983 2350; baseline -0.003 -17"><span class='ocrx_word' id='word_1_182' title='bbox 191 2297 235 2333; x_wconf 87' lang='lat' dir='ltr'><strong>cor</strong></span> <span class='ocrx_word' id='word_1_183' title='bbox 245 2301 252 2344; x_wconf 85' lang='lat'>3</span> <span class='ocrx_word' id='word_1_184' title='bbox 271 2278 326 2343; x_wconf 90' lang='lat' dir='ltr'><strong>hos,</strong></span> <span class='ocrx_word' id='word_1_185' title='bbox 339 2281 370 2332; x_wconf 90' lang='lat' dir='ltr'><strong>ut</strong></span> <span class='ocrx_word' id='word_1_186' title='bbox 381 2279 444 2333; x_wconf 92' lang='lat' dir='ltr'><strong>mihi</strong></span> <span class='ocrx_word' id='word_1_187' title='bbox 456 2279 575 2334; x_wconf 85' lang='lat' dir='ltr'><strong>adfinem</strong></span> <span class='ocrx_word' id='word_1_188' title='bbox 586 2298 668 2350; x_wconf 88' lang='lat' dir='ltr'><strong>usque</strong></span> <span class='ocrx_word' id='word_1_189' title='bbox 680 2280 740 2333; x_wconf 87' lang='lat' dir='ltr'><strong>vitae</strong></span> <span class='ocrx_word' id='word_1_190' title='bbox 754 2278 864 2348; x_wconf 90' lang='lat' dir='ltr'><strong>quietam</strong></span> <span class='ocrx_word' id='word_1_191' title='bbox 875 2282 901 2331; x_wconf 92' lang='lat' dir='ltr'><strong>et</strong></span> <span class='ocrx_word' id='word_1_192' title='bbox 910 2277 983 2331; x_wconf 86' lang='lat' dir='ltr'><strong>intel-</strong></span> 
     </span>
     <span class='ocr_line' id='line_1_26' title="bbox 189 2354 982 2427; baseline 0 -19"><span class='ocrx_word' id='word_1_193' title='bbox 189 2355 315 2426; x_wconf 88' lang='lat' dir='ltr'><strong>ligentem</strong></span> <span class='ocrx_word' id='word_1_194' title='bbox 334 2355 438 2410; x_wconf 83' lang='lat' dir='ltr'><strong>hrunani</strong></span> <span class='ocrx_word' id='word_1_195' title='bbox 455 2355 583 2427; x_wconf 88' lang='lat' dir='ltr'><strong>divinique</strong></span> <span class='ocrx_word' id='word_1_196' title='bbox 604 2356 670 2427; x_wconf 84' lang='lat' dir='ltr'><strong>juris</strong></span> <span class='ocrx_word' id='word_1_197' title='bbox 687 2364 797 2410; x_wconf 88' lang='lat' dir='ltr'><strong>mentem</strong></span> <span class='ocrx_word' id='word_1_198' title='bbox 817 2354 898 2419; x_wconf 88' lang='lat' dir='ltr'><strong>duint,</strong></span> <span class='ocrx_word' id='word_1_199' title='bbox 917 2354 982 2420; x_wconf 87' lang='lat' dir='ltr'><strong>illos,</strong></span> 
     </span>
     <span class='ocr_line' id='line_1_27' title="bbox 190 2431 983 2503; baseline -0.001 -17"><span class='ocrx_word' id='word_1_200' title='bbox 190 2439 229 2498; x_wconf 90' lang='grc'><strong>11,</strong></span> <span class='ocrx_word' id='word_1_201' title='bbox 243 2431 395 2503; x_wconf 88' lang='lat' dir='ltr'><strong>quaudoque</strong></span> <span class='ocrx_word' id='word_1_202' title='bbox 407 2449 561 2498; x_wconf 85' lang='lat' dir='ltr'><strong>concessam,</strong></span> <span class='ocrx_word' id='word_1_203' title='bbox 575 2451 633 2488; x_wconf 92' lang='lat' dir='ltr'><strong>cum</strong></span> <span class='ocrx_word' id='word_1_204' title='bbox 649 2431 724 2486; x_wconf 89' lang='lat' dir='ltr'><strong>laude</strong></span> <span class='ocrx_word' id='word_1_205' title='bbox 740 2436 767 2486; x_wconf 90' lang='lat' dir='ltr'><strong>et</strong></span> <span class='ocrx_word' id='word_1_206' title='bbox 782 2431 855 2487; x_wconf 92' lang='lat' dir='ltr'><strong>bonis</strong></span> <span class='ocrx_word' id='word_1_207' title='bbox 870 2431 983 2486; x_wconf 79' lang='lat' dir='ltr'><strong>recorda</strong></span> 
     </span>
     <span class='ocr_line' id='line_1_28' title="bbox 190 2510 983 2581; baseline -0.003 -17"><span class='ocrx_word' id='word_1_208' title='bbox 190 2510 305 2565; x_wconf 88' lang='lat' dir='ltr'><strong>tionibus</strong></span> <span class='ocrx_word' id='word_1_209' title='bbox 318 2510 386 2564; x_wconf 88' lang='lat' dir='ltr'><strong>facta</strong></span> <span class='ocrx_word' id='word_1_210' title='bbox 397 2515 474 2581; x_wconf 88' lang='lat' dir='ltr'><strong>atque</strong></span> <span class='ocrx_word' id='word_1_211' title='bbox 486 2511 580 2565; x_wconf 83' lang='lat' dir='ltr'><strong>lamam</strong></span> <span class='ocrx_word' id='word_1_212' title='bbox 591 2510 700 2564; x_wconf 88' lang='lat' dir='ltr'><strong>nominis</strong></span> <span class='ocrx_word' id='word_1_213' title='bbox 713 2510 762 2564; x_wconf 91' lang='lat' dir='ltr'><strong>mei</strong></span> <span class='ocrx_word' id='word_1_214' title='bbox 771 2510 983 2580; x_wconf 86' lang='lat' dir='ltr'><strong>prosequantur.”</strong></span> 
     </span>
     <span class='ocr_line' id='line_1_29' title="bbox 190 2586 1009 2657; baseline -0.004 -15"><span class='ocrx_word' id='word_1_215' title='bbox 190 2587 363 2656; x_wconf 88' lang='lat' dir='ltr'><strong>Perstititque</strong></span> <span class='ocrx_word' id='word_1_216' title='bbox 375 2589 481 2657; x_wconf 87' lang='lat' dir='ltr'><strong>posthac</strong></span> <span class='ocrx_word' id='word_1_217' title='bbox 491 2588 595 2642; x_wconf 88' lang='lat' dir='ltr'><strong>secretis</strong></span> <span class='ocrx_word' id='word_1_218' title='bbox 605 2587 682 2642; x_wconf 86' lang='lat' dir='ltr'><strong>etiam</strong></span> <span class='ocrx_word' id='word_1_219' title='bbox 690 2586 846 2641; x_wconf 88' lang='lat' dir='ltr'><strong>sermonibus</strong></span> <span class='ocrx_word' id='word_1_220' title='bbox 856 2586 1009 2657; x_wconf 73' lang='lat' dir='ltr'><strong>aspernarit</strong></span> 
     </span>
     <span class='ocr_line' id='line_1_30' title="bbox 190 2663 986 2734; baseline -0.003 -16"><span class='ocrx_word' id='word_1_221' title='bbox 190 2665 270 2719; x_wconf 83' lang='lat' dir='ltr'><strong>tailem</strong></span> <span class='ocrx_word' id='word_1_222' title='bbox 289 2665 331 2718; x_wconf 93' lang='lat' dir='ltr'><strong>sui</strong></span> <span class='ocrx_word' id='word_1_223' title='bbox 351 2664 456 2720; x_wconf 88' lang='lat' dir='ltr'><strong>cultum.</strong></span> <span class='ocrx_word' id='word_1_224' title='bbox 493 2664 571 2724; x_wconf 77' lang='lat' dir='ltr'><strong>Quod</strong></span> <span class='ocrx_word' id='word_1_225' title='bbox 588 2665 631 2720; x_wconf 87' lang='lat' dir='ltr'><strong>alii</strong></span> <span class='ocrx_word' id='word_1_226' title='bbox 648 2663 805 2730; x_wconf 84' lang='lat' dir='ltr'><strong>modestiam,</strong></span> <span class='ocrx_word' id='word_1_227' title='bbox 823 2664 906 2728; x_wconf 92' lang='lat' dir='ltr'><strong>multi,</strong></span> <span class='ocrx_word' id='word_1_228' title='bbox 926 2664 986 2734; x_wconf 90' lang='lat' dir='ltr'><strong>quia</strong></span> 
     </span>
     <span class='ocr_line' id='line_1_31' title="bbox 192 2740 983 2813; baseline -0.004 -17"><span class='ocrx_word' id='word_1_229' title='bbox 192 2741 325 2806; x_wconf 88' lang='lat' dir='ltr'><strong>diffideret,</strong></span> <span class='ocrx_word' id='word_1_230' title='bbox 340 2740 442 2812; x_wconf 89' lang='lat' dir='ltr'><strong>quidam</strong></span> <span class='ocrx_word' id='word_1_231' title='bbox 453 2746 484 2796; x_wconf 90' lang='lat' dir='ltr'><strong>ut</strong></span> <span class='ocrx_word' id='word_1_232' title='bbox 496 2741 628 2813; x_wconf 87' lang='lat' dir='ltr'><strong>degeneris</strong></span> <span class='ocrx_word' id='word_1_233' title='bbox 641 2742 725 2807; x_wconf 86' lang='lat' dir='ltr'><strong>animi,</strong></span> <span class='ocrx_word' id='word_1_234' title='bbox 743 2741 983 2813; x_wconf 85' lang='lat' dir='ltr'><strong>interpretabantur.</strong></span> 
     </span>
     <span class='ocr_line' id='line_1_32' title="bbox 193 2818 1010 2890; baseline -0.002 -18"><span class='ocrx_word' id='word_1_235' title='bbox 193 2818 310 2889; x_wconf 90' lang='lat' dir='ltr'><strong>Optimos</strong></span> <span class='ocrx_word' id='word_1_236' title='bbox 327 2819 421 2889; x_wconf 91' lang='lat' dir='ltr'><strong>quippe</strong></span> <span class='ocrx_word' id='word_1_237' title='bbox 438 2819 582 2873; x_wconf 87' lang='lat' dir='ltr'><strong>mortalium</strong></span> <span class='ocrx_word' id='word_1_238' title='bbox 599 2819 722 2874; x_wconf 87' lang='lat' dir='ltr'><strong>altissima</strong></span> <span class='ocrx_word' id='word_1_239' title='bbox 739 2837 847 2890; x_wconf 89' lang='lat' dir='ltr'><strong>cupere:</strong></span> <span class='ocrx_word' id='word_1_240' title='bbox 867 2819 903 2871; x_wconf 87' lang='lat' dir='ltr'><strong>sic</strong></span> <span class='ocrx_word' id='word_1_241' title='bbox 918 2818 1010 2870; x_wconf 86' lang='lat' dir='ltr'><strong>Her-5</strong></span> 
     </span>
     <span class='ocr_line' id='line_1_33' title="bbox 193 2891 985 2966; baseline -0.005 -18"><span class='ocrx_word' id='word_1_242' title='bbox 193 2896 276 2950; x_wconf 83' lang='lat' dir='ltr'><strong>colem</strong></span> <span class='ocrx_word' id='word_1_243' title='bbox 294 2901 321 2949; x_wconf 87' lang='lat' dir='ltr'><strong>et</strong></span> <span class='ocrx_word' id='word_1_244' title='bbox 338 2895 461 2950; x_wconf 85' lang='lat' dir='ltr'><strong>Liberum</strong></span> <span class='ocrx_word' id='word_1_245' title='bbox 479 2895 546 2966; x_wconf 87' lang='lat' dir='ltr'><strong>apud</strong></span> <span class='ocrx_word' id='word_1_246' title='bbox 568 2897 677 2964; x_wconf 65' lang='lat' dir='ltr'><strong>Graecos</strong></span> <span class='ocrx_word' id='word_1_247' title='bbox 696 2896 833 2955; x_wconf 81' lang='lat' dir='ltr'><strong>Quirinum</strong></span> <span class='ocrx_word' id='word_1_248' title='bbox 848 2891 915 2963; x_wconf 90' lang='lat' dir='ltr'><strong>apud</strong></span> <span class='ocrx_word' id='word_1_249' title='bbox 930 2910 985 2959; x_wconf 90' lang='lat' dir='ltr'><strong>nos,</strong></span> 
     </span>
     <span class='ocr_line' id='line_1_34' title="bbox 194 2970 986 3044; baseline -0.004 -18"><span class='ocrx_word' id='word_1_250' title='bbox 194 2971 272 3027; x_wconf 81' lang='lat' dir='ltr'><strong>deum</strong></span> <span class='ocrx_word' id='word_1_251' title='bbox 289 2991 395 3028; x_wconf 86' lang='lat' dir='ltr'><strong>numero</strong></span> <span class='ocrx_word' id='word_1_252' title='bbox 412 2971 519 3028; x_wconf 87' lang='lat' dir='ltr'><strong>additos.</strong></span> <span class='ocrx_word' id='word_1_253' title='bbox 555 2973 651 3028; x_wconf 86' lang='lat' dir='ltr'><strong>Melius</strong></span> <span class='ocrx_word' id='word_1_254' title='bbox 669 2975 823 3044; x_wconf 82' lang='lat' dir='ltr'><strong>Augustum,</strong></span> <span class='ocrx_word' id='word_1_255' title='bbox 841 2970 885 3040; x_wconf 89' lang='lat' dir='ltr'><strong>qui</strong></span> <span class='ocrx_word' id='word_1_256' title='bbox 901 2985 986 3038; x_wconf 87' lang='lat' dir='ltr'><strong>spera-</strong></span> 
     </span>
    </p>
   </div>
   <div class='ocr_carea' id='block_1_3' title="bbox 0 0 1291 3500">
    <p class='ocr_par' dir='ltr' id='par_1_4' title="bbox 0 0 1291 3500">
     <span class='ocr_line' id='line_1_35' title="bbox 0 0 1291 3500; baseline 0 0"><span class='ocrx_word' id='word_1_257' title='bbox 0 0 1291 3500; x_wconf 95' lang='lat' dir='ltr'><strong> </strong></span> 
     </span>
    </p>
   </div>
  </div>
 </body>
</html>
