2550 3500
281 357 329 405 204
613 354 733 402 Tuom

910 418 946 465 m,
956 416 983 455 u.
993 417 1014 455 c.
1025 416 1069 457 rsa.

281 466 439 522 affluentibus
457 466 578 537 paulatim
591 466 643 536 qui,
656 468 727 519 metu
738 465 818 536 magis
830 483 905 535 quam
922 466 1072 520 benevolen-

281 545 318 598 tia
341 544 456 615 subjecti,
475 544 582 614 repertis
600 544 747 597 auctoribus
770 543 926 597 sustulerant
950 544 1071 597 animum.

259 622 338 675 4Nec
347 621 401 692 jam
413 620 481 675 aliud
492 620 622 675 Artabano
634 620 767 690 reliquum,
779 621 886 691 quamsi
898 620 942 691 qui
954 626 1072 675 externo

281 716 338 751 rum
361 698 460 769 corpori
483 696 600 751 custodes
624 696 736 762 aderant,
761 697 814 751 suis
838 697 945 767 quisque
968 696 1072 752 sedibus

281 780 401 839 extorres,
415 774 474 845 quis
491 792 573 845 neque
590 774 650 828 boui
664 774 809 829 intellectus
825 792 907 843 neque
924 774 984 827 mali
1001 792 1071 839 curra,

259 850 326 907 tsed
337 850 452 906 mercede
466 852 569 905 aluntur
583 852 694 906 ministri
709 851 856 906 sceleribus.
892 851 943 905 His
956 868 1073 923 assump-

281 928 538 999 tis,iulougiuquaet
548 929 705 983 contermina
714 928 918 999 Scythiaelugam
924 924 1072 993 maturavit,

281 1024 326 1076 spe
339 1004 433 1070 auxilii,
447 1006 507 1076 quia
517 1006 645 1077 Hyrcanis
663 1005 853 1075 Carmaniisque
865 1024 910 1076 per
921 1006 1075 1061 affinitatem

280 1082 387 1137 innexus
404 1091 472 1138 erat:
495 1087 571 1155 atque
588 1083 691 1137 interim
707 1100 783 1153 posse
800 1083 916 1147 Parthos,
929 1082 1075 1139 absentium

281 1180 373 1232 equos,
392 1163 559 1232 presentibus
582 1162 695 1227 mobiles,
719 1161 752 1216 ad
774 1162 947 1232 penitentiam
969 1162 1073 1218 mutari

237 1240 318 1297 alut
343 1238 468 1304 Vitellius,
493 1240 602 1311 profugo
625 1239 756 1293 Artabano
779 1243 806 1293 et
829 1239 902 1293 flexis
926 1238 958 1293 ad
977 1257 1075 1293 novum

281 1332 367 1387 regern
391 1316 549 1387 popularium
569 1316 668 1381 animis,
689 1316 806 1370 hortatus
829 1316 962 1370 'liridateu
983 1320 1075 1387 parata

282 1410 421 1464 capessere,
440 1394 518 1450 robur
534 1394 663 1466 legionum
681 1393 857 1464 sociorumque
872 1395 955 1464 ripam
972 1393 1004 1447 ad
1021 1394 1075 1449 Eu·

260 1471 380 1541 ‘ephratia
399 1471 477 1527 ducit.
515 1470 727 1536 sacrificantibus,
743 1488 801 1525 cum
817 1472 859 1525 hio
874 1488 945 1525 more
956 1471 1075 1527 Romano

283 1549 461 1603 suovetaurilia
474 1548 553 1615 daret,
569 1548 612 1603 ille
630 1566 723 1618 equum
739 1547 861 1618 placando
873 1549 942 1602 amni
953 1547 1075 1603 adornas-

283 1628 332 1691 set,
356 1626 505 1681 uuntiavere
528 1625 619 1681 accolae
643 1626 793 1697 Euphraten
813 1625 883 1679 nulla
905 1624 1024 1679 imbrium
1048 1626 1076 1682 vi

284 1708 373 1774 sponte
385 1707 412 1758 et·
424 1703 574 1758 immensum
589 1702 680 1770 attolli,
693 1702 769 1759 simul
783 1701 926 1759 albentibus
938 1702 1035 1774 spumis
1047 1704 1076 1760 iu

283 1780 387 1834 modum
405 1780 552 1835 diadematis
570 1781 672 1836 sinuare
694 1781 776 1845 orbes,
798 1781 939 1852 auspicium
959 1780 1076 1852 prosperi

261 1861 466 1928 &transgressus
503 1855 611 1922 Quidam
623 1857 737 1912 callidius
749 1858 988 1929 interpretabantur,
1001 1859 1076 1914 initia

283 1938 389 1988 conatus
401 1932 512 1988 secunda
519 1953 601 2004 neque
613 1933 735 1989 diuturna
741 1958 749 2002 ;
768 1936 827 2007 quia
838 1955 926 1990 eorum
937 1954 994 2006 quae
1005 1940 1077 1990 terra

283 2012 376 2066 caelove
387 2009 598 2081 portenderentur
610 2011 703 2066 certior
720 2011 791 2077 fides,
805 2010 936 2066 fluminum
949 2012 1076 2068 instabilis

260 2092 374 2146 enatura
385 2087 460 2142 simul
476 2086 622 2143 ostenderet
638 2089 722 2144 omina
738 2094 896 2160 raperetque.
933 2088 984 2144 Sed
995 2096 1076 2161 ponte

282 2165 388 2221 navibus
404 2165 494 2221 effecto
510 2165 678 2237 tramissoque
696 2167 818 2233 exercitu,
833 2167 930 2238 primus
948 2167 1077 2239 Ornospa-

283 2243 327 2298 des
350 2243 439 2298 multis
463 2243 578 2313 equitum
606 2243 718 2298 millibus
741 2245 769 2298 in
791 2249 876 2299 eastra
897 2244 985 2311 veuit3
1015 2246 1077 2300 exul

283 2321 416 2391 quondam,
430 2324 457 2376 et
475 2321 583 2387 lliberio,
601 2339 659 2376 eum
674 2321 845 2376 Dalmaticum
861 2321 954 2376 bellum
970 2323 1076 2377 confice·

282 2401 330 2462 ret,
352 2397 420 2452 baud
437 2397 560 2469 inglorius
579 2398 720 2462 auxiliator,
738 2415 819 2467 eoque
837 2398 941 2453 civitate
958 2398 1076 2454 Romana

284 2473 411 2540 donatus3
429 2491 497 2540 mox,
510 2475 620 2546 repetita
631 2475 743 2530 amicitia
753 2475 829 2546 regis,
842 2475 923 2530 multo
936 2475 1004 2546 apud
1015 2494 1076 2530 eum

282 2551 385 2618 honore,
395 2551 530 2622 praefectus
538 2551 632 2620 campis
641 2550 692 2622 qui,
702 2550 835 2622 Euphrate
844 2555 870 2606 et
883 2553 961 2624 Tigre
972 2552 1075 2624 iuclytis

283 2627 398 2683 amnibus
418 2628 564 2693 circumflui,
587 2628 780 2698 Mesopotamia
803 2646 896 2683 nomen
914 2635 1075 2700 acceperuut.

261 2707 375 2778 tNeque
399 2707 479 2762 multo
497 2710 556 2777 post
573 2706 693 2761 Sinnaces
711 2710 788 2778 auget
806 2707 898 2778 copias,
916 2711 944 2762 et
958 2707 1077 2764 columen

284 2785 395 2854 partium
418 2783 563 2854 Abdageses
586 2801 675 2854 gazam
698 2788 727 2838 et
749 2787 853 2855 paratus
870 2784 955 2855 regios
978 2784 1075 2856 adjicit.

261 2861 402 2916 6Vitellius
420 2863 563 2915 ostentasse
581 2860 697 2915 Romana
717 2879 787 2916 arma
809 2861 872 2917 satis
888 2865 968 2927 ratus,
987 2868 1076 2918 mouet

282 2937 412 2992 Tiridaten
428 2936 615 3008 primoresqae3
642 2937 718 3004 huuc,
742 2938 860 2994 Phraatis
883 2938 924 2992 avi
941 2942 968 2993 et
986 2939 1076 2995 altoris
