2550 3500
285 354 332 401 232
620 351 738 399 Taciti

908 413 1072 461 mecm.

283 466 339 521 tum
362 481 413 518 uno
430 463 473 518 illo
496 462 537 518 die
559 462 587 517 in
609 462 717 533 aliquem
739 460 887 517 hbcrtcrum
903 462 1074 528 transferret;

262 544 360 611 Sseque
372 540 445 594 offert
463 543 647 611 suscepturum.
683 540 723 594 Ac
739 557 779 603 ue,
793 538 852 592 dum
864 539 891 591 in
902 538 991 593 urbem
1003 538 1075 593 vebi-

283 620 334 683 tur,
351 616 383 671 ad
399 616 569 687 penitentiam
583 634 599 669 a
615 616 647 670 L.
659 615 764 671 Vitellio
780 622 806 669 et
824 615 854 669 P.
867 615 952 687 Largo
970 616 1075 671 Caecina

284 696 431 759 mutaretur,
444 693 472 747 in
489 691 577 747 eodem
593 693 732 765 gestamine
743 692 828 747 sedem
840 693 922 762 poscit
933 693 1073 763 sumitque.

240 763 278 816 34
286 770 379 825 Crebra
401 774 459 841 post
479 770 533 824 baec
556 769 622 823 fama
644 769 702 835 fuit,
726 769 794 824 inter
816 768 926 825 diversas
949 769 1074 840 principis

285 866 370 915 voces,¹
379 865 436 903 cum
448 845 521 901 modo
534 846 661 901 incusaret
679 847 775 918 flagitia
785 847 880 913 uxoris,
893 846 1029 917 aliquando
1040 845 1075 901 ad

284 924 428 979 memoriam
440 923 551 995 conjugii
563 928 589 979 et
600 923 732 978 infantiam
743 923 878 979 liberorum
890 924 1072 989 revolveretur,

284 1019 335 1055 non
352 1000 419 1055 aliud
434 1000 594 1071 prolocutum
605 1000 737 1055 Vitellium
753 1018 835 1071 quam,
848 1001 897 1055 “O
914 1000 1028 1055 facinus!
1049 1000 1073 1054 Ο

263 1078 365 1133 2scclus
374 1078 398 1131 l''
417 1076 532 1133 Instabat
545 1076 648 1148 quidem
659 1076 794 1132 Narcissus
806 1078 902 1149 aperire
914 1076 1033 1148 ambages
1045 1080 1073 1131 et

284 1154 337 1209 veri
354 1153 451 1224 copiam
468 1154 564 1211 iacere:
590 1152 636 1209 sed
653 1172 706 1208 non
721 1154 779 1209 ideo
798 1154 913 1226 pervicit,
933 1154 995 1224 quin
1016 1172 1073 1209 sus·

284 1249 361 1301 pensa
372 1234 399 1285 et
411 1248 460 1301 quo
477 1230 628 1287 ducerentur
645 1231 794 1286 inclinatura
809 1230 979 1303 responderet,
988 1249 1073 1285 exem·
1137 1235 1138 1248 ¹

262 1308 374 1380 ³ploque
392 1308 446 1379 ejus
464 1307 564 1379 Largus
581 1308 682 1363 Oaecina
698 1312 821 1365 uteretur.
856 1309 892 1363 Et
901 1308 953 1379 jam
971 1308 1073 1363 eratin

285 1389 388 1455 aspectu
411 1384 555 1451 Messalina,
580 1384 773 1456 clamitabatque
793 1384 892 1440 audiret
912 1384 1028 1439 Octavia
1045 1388 1072 1439 ct

284 1461 424 1517 Britannici
443 1466 558 1527 matrem,
576 1480 635 1519 cum
652 1461 796 1533 obstrepere
820 1465 959 1526 accusator,
981 1461 1072 1516 Silium

261 1534 311 1593 4et
322 1538 423 1611 nuptias
435 1538 553 1595 referens.
590 1538 672 1593 Simul
689 1538 815 1595 codicillos
832 1537 963 1593 libidinum
974 1538 1072 1593 indices

284 1615 395 1681 tradidit,
409 1616 464 1687 quls
476 1616 545 1671 risus
561 1614 667 1673 (laseris
684 1620 817 1671 arertmet.
852 1615 908 1671 Nec
920 1614 1000 1669 multo
1012 1619 1072 1687 post

285 1692 372 1748 urbem
392 1692 542 1764 ingredienti
565 1692 735 1749 offerebantur
758 1710 903 1750 communes
920 1691 1002 1758 liberi,
1022 1692 1072 1748 uisi

263 1771 420 1826 5Narcissus
444 1770 554 1826 amoveri
570 1789 613 1826 cos
635 1771 761 1842 jussisset.
800 1769 928 1825 Vibidiam
945 1768 1072 1840 depellere

284 1847 405 1916 nequivit,
418 1847 479 1918 quin
490 1847 570 1902 multa
581 1866 639 1903 cum
654 1847 750 1902 invidia
760 1847 887 1918 flagitaret
896 1865 928 1901 ne
939 1845 1072 1902 indefensa

285 1924 377 1995 conjux
389 1923 466 1978 exitio
487 1923 595 1979 daretur.
631 1924 715 1996 Igitur
733 1924 878 1978 auditurum
894 1923 1034 1995 principem
1045 1928 1071 1980 et

285 1999 338 2054 forc
350 1999 460 2054 diluendi
467 2000 576 2056 emminis
588 2001 735 2056 facultatem
746 1999 890 2072 respondit:
908 2001 957 2055 iret
968 2000 1072 2055 interim

242 2077 394 2149 saurgos
412 2095 482 2132 sacra
496 2082 644 2149 capesseret.
679 2078 776 2134 Mirum
791 2078 857 2133 iuter
872 2078 927 2132 haec
942 2076 1071 2132 silentium

286 2153 392 2222 Claudii,
403 2154 522 2210 Vitellius
537 2155 625 2226 ignaro
637 2156 753 2227 propior:
771 2155 855 2210 omnia
869 2154 960 2209 liberto
972 2153 1070 2210 obedie-

285 2229 354 2287 bant.
389 2231 507 2288 Patcfieri
531 2231 632 2286 domum
656 2232 771 2297 adulteri,
796 2236 872 2302 atque
895 2230 955 2286 illuc
979 2229 1070 2286 deduci

264 2309 460 2380 aimperatorem
475 2308 555 2380 jubet.
591 2310 630 2364 Ac
648 2309 756 2380 primum
772 2306 941 2363 investibulo
962 2307 1070 2379 effigiem

284 2386 364 2458 patris
377 2385 437 2451 Silii,
450 2386 565 2442 consulto
577 2390 680 2442 senatus
692 2386 817 2451 abolitam,
829 2384 993 2449 demonstrat,
1006 2389 1070 2452 tum,

286 2462 404 2533 quicquid
416 2463 511 2518 avitum
522 2463 667 2520 Neronibus
679 2467 705 2519 et
717 2462 816 2527 Drusis,
825 2462 853 2516 in
864 2462 974 2533 pretium
984 2461 1070 2532 probri

264 2539 398 2594 excessisse.
434 2539 618 2612 Incensumque
636 2545 663 2595 et
681 2540 713 2595 ad
730 2540 809 2594 minas
827 2541 1001 2610 erumpentem
1018 2557 1069 2593 cas·

285 2615 332 2670 tris
349 2615 433 2680 insert,
452 2625 540 2686 parata
556 2617 674 2672 concione
691 2617 799 2672 militum
808 2638 816 2683 ;
835 2614 902 2686 apud
919 2633 991 2686 quos,
1009 2633 1069 2686 pre·

285 2696 402 2748 monente
414 2692 541 2757 Narcisso,
557 2711 638 2763 pauca
653 2692 730 2748 verba
744 2693 821 2747 fecit:
839 2711 898 2748 nam
913 2691 963 2746 etsi
971 2692 1070 2762 justum

263 2768 396 2824 adolorem
416 2767 496 2839 pudor
518 2768 677 2840 impediebat.
713 2769 852 2824 Continuus
873 2769 963 2824 dehinc
984 2769 1070 2823 cohor·

285 2847 350 2902 tium
368 2846 460 2902 clamor
478 2847 579 2902 uomina
601 2865 702 2902 reorum
724 2851 751 2901 et
774 2866 860 2917 poenas
883 2845 1068 2918 flagitantium

285 2923 451 2995 admotusque
463 2923 539 2978 Silius
550 2922 671 2978 tribunali
681 2923 917 2990 condoleusionen,
924 2941 977 2976 non
987 2941 1069 2978 mores
