2550 3500
197 447 294 488 M
399 359 595 433 Auusuruu
611 385 667 434 xv.
688 386 791 437 rasa.
939 388 986 436 aas

197 502 283 553 oenms
300 448 534 567 iabstrahmtesque.
570 497 663 569 Raptae
680 497 758 554 etiam
775 498 869 562 vestes,
886 499 1013 557 retentae

197 592 273 639 arma,
286 574 377 645 pavido
392 574 473 629 milite
484 578 512 628 et
527 575 690 641 concedente,
703 593 735 629 ne
747 592 797 645 qua
814 574 894 645 praelii
911 592 988 629 musa

197 654 326 709 existeret.
366 654 502 725 Vologeses
518 654 594 709 armis
606 661 633 709 et
646 654 792 726 corporibus
810 672 931 709 caesorum
943 662 1011 727 arg-5

197 732 317 803 gregatis,
336 748 387 801 quo
404 730 502 785 cladem
519 735 632 785 nostram
650 736 796 797 testaretur,
813 731 872 786 visu
888 732 987 803 frigian-

196 808 262 863 tium
279 808 408 879 legionum
429 808 560 862 abstinuit.
596 808 675 864 Fama
690 808 868 864 moderationis
892 818 1011 880 querc-6

196 885 280 952 batur,
293 890 427 956 postquam
442 884 584 955 superbiam
597 887 749 958 expleverat.
786 886 893 941 Flumen
910 888 988 941 Area·

196 964 265 1017 niam
285 963 419 1033 elephanto
441 962 560 1028 insidens,
579 964 710 1034 proximus
731 964 838 1035 quisque
858 982 944 1035 regem
961 964 988 1019 vi

133 1067 134 1074 .
197 1058 320 1111 equorum
334 1056 477 1110 perrupere,
494 1040 553 1109 quia
569 1059 656 1095 rumor
669 1040 807 1097 incesserat
818 1046 921 1112 pontem
933 1058 988 1095 oea-

197 1136 286 1173 surum
303 1116 374 1170 oueri
391 1116 448 1171 dolo
466 1116 653 1172 fabricantium.
690 1118 739 1173 Sed
756 1118 800 1189 qai
815 1118 914 1190 ingredi
932 1118 988 1173 ausi

197 1198 267 1259 eunt,
284 1193 396 1247 validum
416 1197 443 1248 et
464 1193 542 1247 lidum
565 1194 720 1251 intellexere.
758 1196 878 1251 Ceterum
899 1196 1035 1257 obses-16

198 1272 234 1326 sis
252 1270 315 1325 adeo
327 1270 527 1341 suppeditavisse
545 1290 598 1325 rem
616 1272 806 1327 frumentariam
825 1273 941 1327 constitit
957 1276 987 1327 ut

197 1348 295 1402 horreis
306 1347 392 1419 ignem
408 1346 549 1417 injicerent,
562 1352 700 1419 contraque
718 1348 857 1420 prodiderit
875 1349 986 1405 Corbulo

197 1424 307 1479 Parthos
324 1425 411 1495 inopes
429 1424 565 1494 copiarum,
584 1429 611 1480 et
630 1425 722 1497 pabulo
741 1426 831 1481 attrito
852 1425 987 1481 relicturos

197 1501 418 1571 oppugnationem,
439 1519 521 1571 neque
541 1520 570 1556 se
592 1502 650 1573 plus
670 1502 751 1557 tridui
773 1503 864 1557 itinere
885 1503 986 1558 afuisse.

196 1578 295 1648 Adjicit
307 1578 365 1650 jure
379 1578 489 1649 jurando
506 1578 573 1633 Preti
590 1583 694 1634 cautum
708 1580 775 1651 apud
789 1580 868 1651 signa,
881 1580 1012 1640 astanti-2

133 1715 134 1724 ἵ
196 1655 245 1711 bns
260 1656 293 1711 iis
310 1673 373 1727 quos
390 1654 550 1710 testificando
564 1674 611 1710 rex
625 1657 744 1725 misisset,
756 1657 882 1712 neminem
893 1657 989 1711 Roma-

133 1731 134 1736 ’
196 1753 258 1789 uum
269 1732 417 1789 Armeniam
434 1732 615 1805 ingressurum,
628 1734 709 1791 donec
727 1735 883 1790 referrentur
895 1734 988 1792 litterae

196 1812 315 1876 Neronis,
329 1830 362 1866 an
373 1811 430 1881 paci
447 1816 577 1867 annueret.
614 1813 680 1872 Qua
696 1816 726 1868 ut
738 1812 860 1884 augendae
877 1813 1012 1874 infamiae

196 1891 343 1962 composita,
362 1891 399 1946 sic
417 1890 515 1961 reliqua
532 1909 584 1946 non
602 1891 630 1946 in
652 1892 760 1948 obscuro
782 1891 914 1958 habentur,
936 1911 989 1948 una

197 1968 239 2022 die
250 1968 416 2040 quadraginta
426 1968 533 2022 millium
545 1970 655 2040 spatium
667 1989 795 2026 emensum
808 1989 863 2026 esse
880 1970 988 2039 Paetum,

133 2112 134 2117 Ἰ
197 2044 304 2099 desertis
322 2047 414 2116 passim
432 2045 531 2111 sauciis,
550 2065 633 2118 neque
655 2048 740 2102 minus
764 2047 901 2102 deformem
919 2047 988 2103 illam

196 2124 349 2194 fugientim
370 2123 564 2194 trepidationem
587 2144 662 2197 quam
682 2127 705 2180 si
720 2130 794 2197 terga
811 2126 839 2180 in
856 2125 909 2180 acie
931 2143 989 2180 ver-

196 2201 297 2256 tissent.
333 2200 444 2256 Corbulo
456 2219 515 2255 cum
525 2202 579 2256 suis
593 2203 672 2272 copiis
690 2203 757 2273 apud
776 2203 857 2274 ripam
872 2203 1012 2274 Euphral

197 2277 232 2332 tis
255 2276 352 2342 obvius,
376 2295 428 2332 non
447 2295 503 2332 eam
522 2279 631 2349 speciem
655 2279 792 2351 insignium
814 2284 840 2334 et
861 2298 988 2334 armorum

196 2354 309 2426 pretulit
323 2358 354 2408 ut
369 2353 542 2409 diversitatem
557 2355 728 2426 exprobraret.
765 2357 853 2411 Maesti
866 2357 1011 2428 manipulit

196 2450 227 2486 ac
244 2431 324 2486 vicem
340 2431 538 2486 commilitonum
554 2433 704 2488 miserantes
719 2452 751 2488 ne
763 2433 873 2489 lacrimis
886 2435 987 2506 quidem

133 2502 135 2521 '
196 2511 345 2580 temperare.
380 2508 433 2562 Vix
444 2527 497 2580 prae
512 2510 576 2564 fletu
592 2523 714 2582 usmpeta
726 2511 901 2567 consalutatio,
937 2513 1012 2571 Dte-6

196 2590 307 2642 comeret
324 2590 453 2642 certamen
470 2587 572 2642 virtutis
590 2591 618 2641 ct
635 2587 739 2643 ambitio
762 2588 856 2661 glorie,
876 2589 988 2644 felicium

196 2663 326 2719 hominum
345 2663 466 2719 affatus:
485 2664 539 2719 sola
555 2664 727 2720 misericordia
745 2665 853 2732 valebat,
875 2671 902 2722 et
921 2666 988 2738 apud

195 2742 306 2796 minores
318 2741 407 2813 magis.
443 2740 547 2796 Ducum
562 2742 630 2797 inter
646 2761 674 2798 se
690 2743 773 2798 brevis
785 2761 868 2798 sermo
884 2748 1033 2810 secutus17

196 2824 244 2874 est.
281 2819 340 2874 Hoc
360 2823 530 2889 conquerente
551 2819 650 2874 irritum
669 2819 788 2887 laborem,
806 2821 920 2891 potuisse
937 2819 987 2875 bel·

197 2895 250 2952 lum
266 2897 330 2968 fuga
346 2896 500 2952 Parthorum
518 2897 593 2963 finiri,
605 2897 648 2952 ille
659 2897 760 2970 integra
776 2897 879 2969 utrique
896 2901 988 2952 cuncta

133 3024 134 3041 ,
197 2973 345 3048 respoudit:
367 2977 546 3031 converterent
568 2974 665 3046 aqudlas
686 2979 713 3031 ct
734 2975 819 3048 juncti
840 2973 988 3032 invaderent
