2550 3500
379 415 576 463 ANNALIUM
595 417 615 464 Ι.
636 418 737 463 lsi—2³.
932 421 963 467 15

163 477 189 516 a.
201 478 227 516 ι).
238 478 282 528 ιι]

162 547 214 599 quo
227 529 310 582 minus
323 525 449 592 invidiam,
467 527 670 592 misericordiam,
685 531 789 592 metum,
803 526 849 582 et'
841 545 892 582 rraa
905 545 961 599 per-

163 609 305 660 moverent
341 605 461 659 Accurrit
463 624 493 658 ur
449 604 536 659 tab
548 604 681 668 universis,
694 609 721 658 et
739 622 839 659 carcere
857 605 961 660 effracto

164 683 269 738 solvunt
279 681 386 747 vincula,
397 681 625 752 desertoresqueac
636 700 723 771 rerum
734 687 801 754 capit
783 681 879 737 'talium
891 682 960 738 dam·

163 763 239 814 natos
196 759 320 814 tsibi
312 777 365 847 Jam
377 760 492 814 miscent.

197 837 360 908 Flagrantior
376 835 497 902 iudeus,
515 835 599 906 plures
616 834 734 890 seditioni
753 835 846 891 duces:
874 840 901 892 et
916 837 961 893 Vi·
969 841 1007 895 22

164 914 275 969 bulenus
288 912 390 984 quidam
402 913 533 984 gregarius
545 913 623 978 miles,
637 918 697 968 ante
708 913 820 968 tribunal
831 913 909 969 Blaesi
920 914 961 968 ad-

165 991 267 1048 levatus
280 990 499 1045 circumstantium
516 990 636 1054 humeris,
649 989 717 1062 apud
735 990 852 1046 turbatos
862 997 889 1046 et
902 991 964 1062 quid

165 1071 268 1140 pararet
280 1067 401 1132 intentos,
417 1067 493 1122 “Vos
505 1067 632 1138 quidem,”
645 1068 737 1139 inquit,
752 1069 812 1123 “his
826 1068 964 1124 innocenti·

165 1146 214 1202 bus
235 1149 262 1201 et
283 1144 430 1200 miserrimis
450 1143 533 1200 luoem
553 1149 580 1199 et
599 1144 717 1216 spiritum
738 1145 901 1202 reddidistis:
920 1146 966 1202 sed

168 1223 226 1295 quis
238 1221 316 1277 fratri
327 1240 383 1276 meo
395 1221 482 1286 vitam,
496 1221 552 1292 quis
569 1221 674 1276 fratrem
684 1223 748 1278 mihi
765 1223 849 1278 reddit
859 1225 870 1278 Ι
889 1242 966 1295 quem

168 1302 278 1356 missurn
296 1298 392 1354 advos
410 1317 425 1353 a
443 1298 592 1354 Germanico
610 1299 725 1354 exercitu
742 1298 774 1354 de
791 1300 966 1356 communibus

171 1375 319 1441 commodis,
331 1381 406 1432 noete
417 1375 532 1447 proxima
541 1376 668 1448 jugularit
679 1395 725 1448 per
735 1375 885 1447 gladiatores
898 1396 966 1443 suos,

169 1473 234 1526 quos
246 1453 390 1508 inexilium
398 1452 508 1508 militum
517 1453 594 1508 habet
606 1459 683 1524 atque
693 1457 784 1508 armat.
820 1454 990 1526 Respondes

170 1531 261 1596 Blaese,
275 1529 320 1585 ubi
332 1529 438 1585 cadaver
453 1529 581 1602 abjeceris.
617 1531 660 1586 Ne
671 1531 759 1586 hostes
771 1530 873 1602 quidem
885 1531 966 1603 sepul-

171 1614 231 1665 tura
253 1607 377 1664 invident.
426 1607 492 1662 Cum
515 1607 616 1673 osculis,
642 1626 701 1663 cum
723 1608 833 1664 lacrimis
856 1608 990 1672 dolorema

172 1705 257 1742 meum
275 1685 420 1757 implevero,
433 1703 475 1740 me
490 1690 614 1757 quoquot
602 1685 726 1741 trucidari
735 1686 805 1759 jube,
819 1686 880 1741 dum
891 1687 969 1742 inter·

173 1766 254 1821 lectos
275 1764 374 1819 nullum
394 1762 427 1818 ob
447 1763 537 1828 scelus,
562 1763 608 1819 aed
628 1765 688 1836 quia
710 1771 741 1820 nt
729 1765 818 1820 ttilitai
795 1765 970 1838 tlegionum

174 1841 376 1927 consulebamus,
389 1840 577 1913 hiaepeliantst’

192 1906 367 1975 'tlncendeba
355 1918 440 1973 three
460 1918 531 1985 fletu,
550 1922 657 1991 ettpeo
658 1939 689 1975 us
710 1924 787 1992 atque
805 1938 835 1975 os
854 1921 1016 1987 manrlrus23

176 1998 319 2053 verberans.
355 1990 420 2051 Mox
432 1994 546 2068 disjectis
556 2016 664 2068 quorum
675 2017 721 2069 per
732 2000 851 2054 humeros
864 1998 993 2056 sustine2

177 2074 260 2141 batur,
273 2091 411 2146 precepse
411 2074 593 2145 tsingulorum
604 2074 712 2147 pedibus
724 2076 827 2131 advolut
815 2080 859 2132 tus
870 2080 973 2131 tantum

179 2150 390 2207 consternationis
413 2150 564 2223 invidiaque
587 2153 705 2218 concivit,
728 2161 759 2208 ut
782 2172 841 2225 pars
863 2153 973 2209 militum

180 2229 333 2301 gladiatores
352 2228 397 2299 qui
417 2246 431 2285 e
453 2228 556 2285 servitio
575 2229 654 2285 Blaesi
677 2234 757 2296 eraut,
780 2249 840 2302 pars
863 2236 974 2287 ceteram

179 2306 293 2379 ejusdem
308 2304 430 2361 familiam
447 2306 579 2373 vincirent,
596 2308 638 2363 alii
656 2308 689 2363 ad
705 2308 867 2380 quarendmn
882 2327 974 2381 corpus

180 2384 379 2441 effunderentur.
415 2384 454 2439 Ac
470 2384 497 2439 ni
512 2402 618 2457 propere
632 2404 716 2456 neque
733 2405 826 2458 corpus
843 2386 923 2442 ullum
936 2405 997 2452 rea

180 2462 266 2533 periri,
285 2466 312 2517 at
330 2479 417 2517 servos
435 2460 554 2517 adiubitis
572 2463 726 2519 eruciatibus
744 2464 854 2520 abnuere
871 2464 974 2530 oaedern,

180 2558 263 2611 neque
283 2538 321 2595 illi
340 2538 421 2595 fuisse
441 2557 554 2610 uuquam
576 2540 683 2596 fratrem
703 2542 883 2613 pernotuisset,
908 2540 977 2597 haud

182 2618 292 2673 multum
309 2615 343 2672 ab
362 2615 441 2671 exitio
458 2616 537 2689 legati
554 2617 668 2674 aberant.
703 2619 830 2675 Tribunos
847 2624 934 2675 tumen
947 2632 1000 2677 aco
1061 2689 1065 2693 ὓ

183 2694 333 2765 praefectum
356 2696 498 2750 castrorum
521 2698 669 2751 extrusere:
697 2697 802 2753 sarcina
824 2696 979 2769 fugientium

185 2771 306 2845 direptae3
326 2774 353 2827 et
370 2772 485 2829 centurio
501 2772 616 2829 Lucilius
634 2774 793 2843 interficitur,
807 2776 849 2831 oui
866 2776 979 2832 militari-

186 2847 232 2905 bus
249 2848 350 2907 facetiis
368 2849 519 2907 vocabulum
539 2852 603 2907 Cedo
622 2856 727 2909 alteram
742 2852 893 2919 indiderant,
912 2854 979 2925 quia,

188 2926 269 2983 lracta
280 2928 334 2983 vite
345 2926 374 2983 in
385 2931 459 3000 tergo
471 2928 566 2996 militis,
580 2930 686 2985 alteram
697 2930 765 2986 clara
775 2948 838 2987 uoce
850 2948 880 2986 ac
892 2949 981 2986 rursus
1136 2945 1137 2988 2

191 3004 262 3063 aliam
281 3006 410 3083 poscebat.
447 3006 552 3065 Ceteros
571 3006 676 3065 latebra
692 3011 788 3072 texere,
808 3026 860 3063 uno
880 3011 1003 3064 retentos
1085 2991 1138 3209 j
