2550 3500
190 423 218 461 Α.
228 420 254 461 Β.
264 420 316 526 Ἦ)
382 357 578 406 ANNALIUM
594 356 674 407 XIII.
691 360 795 409 47-52
935 360 982 414 29?

190 472 253 527 tiam
264 490 298 543 pu
316 470 454 526 licanomm
463 470 601 541 arguentis,
612 470 739 526 dubitarit
751 471 830 538 Nero,
845 488 877 526 an
889 474 983 527 concta

190 548 323 621 vectigalia
340 548 425 603 omitti
439 547 547 619 juberet,
569 548 646 619 idque
668 548 864 619 pulcherrimum
888 549 982 604 donum

190 626 278 698 generi
294 626 438 681 mortalium
456 624 537 681 daret.
575 625 625 681 Sed
642 626 766 697 impetum
783 625 848 699 ejus,
873 626 1006 682 multumt

190 704 261 776 prius
278 702 381 759 budats
397 703 572 775 magnitudine
590 703 674 769 animi,
696 704 823 760 attinuere
843 709 981 771 senatores,

132 796 133 801 ’
190 780 382 837 dissolutionem
402 779 502 851 imperii
526 780 646 847 docendo,
671 781 694 835 si
705 782 804 837 tructus
826 781 917 854 quibus
940 800 982 837 res

132 860 134 909 Ι
189 858 291 931 publica
314 858 482 913 sustineretur
506 857 728 913 deminuerentnr:
758 860 852 931 qnippe
875 858 982 915 sublatis

188 936 309 1008 portoriis
321 954 436 1007 sequens,
445 936 641 991 attributorum
653 936 757 992 abolitio
768 938 980 1010 expostularetur.

189 1015 329 1085 Pleraeque
340 1013 500 1086 vectigalium
510 1014 645 1069 societates
654 1032 670 1069 a
680 1015 827 1071 consulibus
835 1019 863 1071 et
871 1014 1005 1071 tribunica

189 1092 270 1163 plebis
282 1091 435 1147 constitutas
451 1092 503 1147 aori
518 1091 595 1147 etiam
609 1092 697 1163 popnli
714 1090 824 1148 Romani
837 1097 894 1148 tum
907 1093 981 1149 liber·

188 1174 261 1237 tate3
280 1169 378 1240 reliqua
395 1186 456 1223 mox
472 1169 510 1225 ita
526 1170 634 1241 provisa,
653 1175 684 1224 ut
701 1170 768 1226 ratio
785 1177 929 1242 quaestuum
953 1174 981 1227 et

188 1248 328 1303 nenessitas
345 1247 520 1319 erogationum
536 1248 604 1303 inter
620 1266 648 1303 se
664 1253 840 1320 congruerent.
876 1248 1006 1321 'l'empes

189 1324 281 1379 raudus
294 1324 367 1395 plane
382 1323 572 1396 publicanorum
588 1323 726 1395 cupidines,
741 1344 774 1381 ne
789 1344 835 1397 per
848 1331 890 1381 tot
902 1345 980 1382 annos

189 1403 245 1458 sine
266 1401 367 1473 querela
386 1401 495 1457 tolerata
514 1402 586 1457 noris
607 1402 788 1458 acerbitatibus
809 1403 841 1458 sd
860 1402 980 1459 invidiam

189 1484 326 1535 verterent.
374 1479 443 1551 Ergo
468 1479 547 1535 edixit
570 1478 687 1551 princeps
711 1484 742 1535 ut
765 1479 834 1553 leges
858 1481 1025 1553 cujusqnebl

189 1557 293 1629 publici,
307 1556 413 1613 occulta
425 1556 457 1611 ad
469 1556 495 1611 id
506 1560 615 1629 tempus,
625 1554 842 1629 proscriberentur
849 1579 857 1624 ;
874 1559 980 1614 omissas

189 1635 326 1707 petitiones
337 1652 389 1690 non
400 1632 469 1689 ultra
480 1652 573 1689 anuum
585 1640 759 1702 resumerent;
779 1635 868 1690 Romae
879 1639 981 1707 praetor,

189 1731 236 1786 per
247 1712 396 1786 provincias,
409 1711 453 1785 qui
465 1729 511 1784 pro
524 1716 632 1784 pretore
644 1716 689 1769 aut
701 1712 806 1768 consule
817 1718 911 1780 essent,
922 1712 981 1786 jura

189 1791 311 1848 adversus
322 1791 469 1863 publicanos
481 1794 554 1846 extra
565 1789 678 1847 ordinem
689 1791 839 1858 redderent;
857 1792 980 1849 militibus

189 1869 335 1924 immunitas
348 1874 506 1934 servaretur3
525 1868 574 1924 nisi
585 1869 612 1923 in
624 1869 656 1924 iis
669 1887 726 1941 qaue
736 1885 802 1925 reno
814 1876 960 1926 exercerent
972 1890 980 1937 3

190 1945 288 2016 aliaque
300 1945 433 2001 admodum
445 1963 524 2016 aqua,
542 1963 598 2016 quse
609 1945 682 2002 brevi
692 1951 800 2013 serrata,
813 1947 872 2002 dein
883 1947 980 2002 frustra

190 2022 353 2078 habitasnnt.
387 2023 572 2080 Manettamen
583 2021 686 2079 abolitio
702 2023 900 2096 quadragesima
909 2025 1004 2096 quin-2

190 2099 399 2172 quagesimaeque,
413 2104 439 2155 et
456 2119 512 2172 quas
523 2101 572 2155 alia
583 2101 757 2157 exactionibus
768 2102 863 2156 illicitis
878 2102 981 2157 uomina

189 2178 318 2252 publicani
337 2178 492 2234 invenerant.
536 2175 688 2250 Temperata
710 2178 777 2250 apud
799 2179 1004 2242 transmariness

189 2255 333 2330 provincias
344 2255 466 2312 frumenti
478 2256 623 2322 subvecti03
642 2260 669 2310 et
684 2272 717 2310 ne
734 2256 851 2312 censibus
866 2258 981 2330 negotia·

189 2339 276 2391 torum
287 2349 364 2388 nares
382 2333 567 2389 ascriberentur
582 2333 758 2404 tributumpue
770 2351 816 2403 pro
827 2333 876 2388 illis
888 2334 981 2406 pende-

188 2420 256 2478 rent,
269 2409 446 2466 constitutum.

224 2491 295 2546 Reos
307 2505 340 2542 ex
352 2487 479 2558 provincia
490 2487 585 2556 Africa,
597 2487 642 2559 qui
658 2489 836 2559 proconsulare
847 2488 978 2561 imperium
989 2493 1027 2548 52

188 2568 241 2624 illie
256 2565 405 2630 habuerant,
426 2565 564 2636 Sulpicium
585 2565 746 2620 Camerinum
766 2570 793 2620 et
812 2565 980 2639 Pomponium

190 2646 321 2702 Sirenum
332 2641 440 2698 absolvit
452 2643 543 2708 Cesar,
557 2642 718 2698 Camerinum
736 2642 856 2699 adversus
867 2645 980 2716 privatos
1028 2681 1030 2685 .

190 2732 217 2780 et
234 2739 336 2795 paucos,
356 2717 459 2775 sevitio
476 2721 557 2791 magis
575 2737 651 2792 quam
668 2724 798 2791 captarum
816 2722 979 2792 pecuniarum

191 2801 296 2858 crimirra
309 2797 465 2870 objicientes.
501 2797 630 2853 Silvanum
645 2814 738 2870 magna
753 2798 793 2854 ris
804 2804 1003 2855 accusatorumt

191 2879 401 2941 circumsteterat,
421 2873 590 2947 poscebatque
608 2879 709 2946 tempus
727 2875 913 2932 evocandorum
929 2879 979 2930 tes·

192 2956 268 3014 timu:
289 2973 348 3012 rcus
365 2953 432 3011 illico
450 2951 551 3009 delendi
564 2952 718 3025 postulabat.
752 2952 891 3024 Valuitqoe
905 2961 1005 3024 pecu-8
