2550 3500
302 365 332 410 82
634 361 754 410 ΤΑΟΙΤΙ

927 424 961 474 [Α.
975 424 1001 462 u.
1011 425 1033 464 c.
1043 424 1089 466 rra

279 473 357 545 tejus
373 472 442 528 aliud
453 472 611 538 conduceret,
625 473 753 528 abiturum
764 473 814 528 fide
825 491 876 544 qua
886 476 1005 529 venisset.
1042 475 1091 529 Ce-

302 555 386 606 terum
401 549 468 621 apud
485 554 601 605 senatum
617 549 737 606 disseruit
753 569 806 605 non
822 551 968 622 Philippum
984 551 1091 606 Atheni·

303 628 412 692 ensibus,
433 645 485 682 non
496 627 621 698 Pyrrhum
633 632 678 682 aut
692 628 847 683 Antiochum
862 627 955 699 populo
973 628 1091 683 Romano

278 704 405 777 tperinde
420 703 568 759 metuendos
586 704 673 760 fuisse.
709 705 803 760 Eutat
823 706 905 759 oratio
926 722 977 776 qua
994 707 1092 777 magui·

302 782 417 838 tudinem
434 781 489 848 viri,
510 781 657 838 violentiam
679 782 850 854 subjectarum
873 782 898 837 ei
920 782 1043 854 gentium,
1063 787 1092 839 et

303 878 378 930 quam
398 859 553 931 propinquus
573 858 656 914 Itaiia
675 859 764 925 hostis,
783 878 880 930 suaque
893 859 921 914 in
936 859 1092 915 destruendo

279 945 333 992 teo
349 936 452 992 consitis
467 936 566 991 extulit.
601 937 637 992 Et
655 936 830 992 Maroboduus
846 936 949 1008 quidem
961 938 1092 992 Ravennae

302 1017 411 1083 habitus,
439 1016 584 1088 siquando
612 1017 791 1073 insolescerent
821 1019 905 1083 Saevi,
930 1018 1002 1089 quasi
1026 1019 1092 1073 redi-

302 1097 377 1150 turus
388 1094 416 1150 in
426 1113 532 1166 regnum
543 1095 727 1150 ostentabatur.
764 1095 815 1150 Sed
829 1113 881 1149 uon
892 1095 1002 1150 excessit
1013 1095 1093 1150 Italia

302 1189 348 1243 per
360 1171 532 1243 duodeviginti
544 1190 630 1238 anuos,
644 1172 825 1243 consenuitque
836 1172 945 1228 multum
956 1172 1094 1227 imminuta

279 1249 417 1312 nolentata
441 1248 473 1304 ob
496 1249 599 1304 nimiam
618 1249 721 1304 vivendi
737 1249 888 1321 cupidinem.
925 1249 998 1304 Idem
1012 1249 1093 1304 Getu-

303 1326 366 1382 alda
394 1343 474 1392 cesus,
500 1345 581 1398 neque
609 1326 679 1382 atiud
701 1328 854 1399 perfugium.
904 1327 999 1382 Pulsus
1022 1328 1094 1383 haud

302 1404 383 1459 multo
403 1407 462 1475 post
479 1402 718 1458 Hermundurcmm
738 1405 828 1476 opibus
851 1407 878 1459 et
901 1404 996 1459 Vibilio
1017 1403 1091 1470 duee,

301 1483 469 1552 receptusque
492 1481 587 1535 Forum
605 1481 710 1547 Julium,
729 1481 903 1537 Narbonensis
922 1481 1009 1536 Gallia
1024 1481 1093 1536 colo-

279 1567 293 1618 ⁷
301 1559 376 1624 uiam,
388 1559 508 1613 mittitur.
544 1557 651 1612 Barbari
661 1562 799 1629 utrumque
814 1559 928 1614 comitati
942 1577 974 1613 ue
992 1557 1093 1629 quietas

302 1637 442 1708 provincias
463 1635 573 1691 immixti
595 1635 736 1702 turbarent,
757 1636 905 1692 Danubium
924 1636 1000 1700 ultra,
1023 1635 1095 1691 iuter

301 1713 405 1770 fiumina
416 1713 519 1768 Marum
536 1716 563 1768 et
581 1711 687 1779 Cusum,
705 1713 829 1780 locantur,
843 1713 903 1769 dato
917 1731 978 1786 rege
989 1713 1094 1769 Vannio
1147 1709 1148 1731 *

275 1792 385 1863 4gentis
410 1790 567 1851 Quadorum.
612 1790 694 1845 Simul
715 1792 833 1845 nuntiato
856 1810 943 1863 regem
966 1792 1096 1847 Artaxian
1145 1799 1147 1812 ²

301 1868 428 1923 Armeniis
451 1886 467 1923 a
490 1866 639 1923 Germanico
663 1867 759 1933 datum,
784 1867 917 1923 decrevere
945 1872 1031 1939 patres
1061 1865 1095 1924 dt

302 1950 466 2006 Germanicus
490 1953 566 2021 atque
589 1950 691 2004 Drusus
711 1954 816 2005 ovantes
835 1950 925 2005 urbem
946 1950 1095 2007 introirent.

278 2028 400 2084 2Structi
418 2031 445 2082 ct
462 2045 535 2082 arcus
553 2026 649 2081 circum
668 2026 749 2081 latera
769 2027 859 2098 templi
879 2027 973 2082 Martis
992 2026 1096 2082 Ultoris
1142 2071 1144 2108 ι

302 2124 360 2163 eum
371 2104 453 2177 effigie
464 2104 600 2169 Gaesarum,
612 2103 709 2159 laetiore
723 2103 831 2169 'liberio
845 2105 905 2175 quia
922 2122 1010 2175 pacem
1026 2104 1096 2175 sapi·

302 2184 371 2238 entia
387 2183 537 2246 firmaverat,
551 2180 661 2252 quamsi
675 2180 769 2236 bellum
786 2199 832 2252 per
846 2181 912 2236 acies
930 2181 1095 2238 confecisset.

302 2261 387 2333 Igitur
416 2258 601 2330 Rhescuporim
630 2276 738 2329 quoque,
769 2258 883 2313 Thracia
910 2277 1005 2330 regem,
1033 2263 1098 2315 astu

278 2337 457 2409 daggreditur.
493 2336 601 2391 Omnem
613 2353 669 2391 eam
680 2336 809 2390 nationem
821 2336 1008 2391 Rhoemetalces
1019 2339 1097 2391 tenu·

302 2419 373 2482 erat3
392 2432 442 2485 quo
459 2412 578 2469 defuncto
594 2414 730 2484 Augustus
746 2417 845 2483 partem
862 2413 995 2468 Thracum
1010 2412 1098 2467 Rhes-

277 2491 416 2562 4cuporidi
427 2490 502 2545 fratri
519 2490 582 2562 ejus,
595 2496 696 2561 partem
707 2489 759 2544 filio
772 2489 848 2561 Cotyi
859 2490 982 2561 permisit.
1017 2489 1052 2544 In
1063 2508 1099 2546 ea
1137 2497 1139 2578 i

302 2568 424 2623 divisione
444 2585 504 2621 arva
524 2571 550 2621 et
569 2566 646 2622 urbes
665 2570 692 2621 et
710 2566 794 2621 vicina
808 2567 903 2622 Graecis
918 2566 1002 2637 Cotyi,
1024 2568 1099 2637 quod

301 2644 433 2711 incultum,
444 2644 524 2709 ferox,
537 2662 664 2698 annexrmr
672 2642 797 2709 hostibus,
808 2643 995 2715 Rhescuporidi
1002 2645 1097 2712 cessit3
1136 2651 1137 2672 ¹

301 2723 464 2795 ipsorumque
481 2738 571 2792 regum
588 2720 698 2791 ingenia,
714 2720 752 2774 illi
766 2721 829 2777 mite
845 2725 872 2777 et
886 2740 1020 2786 amoenum,
1032 2720 1098 2778 huic
1135 2725 1136 2766 i

277 2804 384 2869 tutior,
396 2798 505 2863 avidum,
518 2802 544 2853 et
557 2798 686 2853 societatis
697 2796 831 2867 impatiens
848 2802 912 2854 erat.
949 2798 1098 2869 Sedprimo
1134 2799 1135 2860 i

299 2877 408 2934 subdola
418 2874 552 2932 concordie
563 2892 637 2946 cgere
648 2898 655 2928 ι
667 2891 727 2928 mox
738 2874 910 2946 Rhescuporis
921 2875 1009 2947 egredi
1019 2875 1096 2942 fines,

300 2961 400 3013 vertere
423 2955 451 3011 iu
474 2972 502 3010 se
526 2953 602 3025 Cotyi
625 2951 693 3018 datu,
717 2955 745 3006 et
767 2952 897 3009 resistenti
916 2953 968 3009 rim
991 2953 1096 3021 faocre;
