2550 3500
295 378 328 427 80
630 377 752 426 TAClTI

936 440 971 491 [s.
980 441 1007 480 o.
1015 441 1038 480 c.
1048 441 1092 481 rer.

295 489 369 545 rimis
387 507 444 544 cum
462 489 572 546 lacrimis
591 489 637 546 sed
655 489 751 546 cladem
766 487 901 562 appellans,
917 491 1024 545 cremari
1040 509 1095 546 cor·

296 584 359 638 pora
368 566 449 638 jubet.

271 655 287 701 5
331 645 426 699 Truces
447 643 524 699 etiam
545 646 601 698 tum
622 645 719 700 animos
740 645 833 716 cupido
851 645 947 700 involat
968 645 1046 700 eundi
1067 645 1095 699 in

295 720 403 786 hostem,
417 721 544 792 piaculum
555 721 666 789 furoris3
684 741 732 778 nec
743 722 818 779 aliter
832 741 906 794 posse
919 723 1013 794 placari
1025 741 1094 778 com·
1134 720 1136 788 l

295 798 439 852 militonum
460 817 546 853 manes
571 817 647 870 quam
667 801 690 854 si
710 800 856 871 pectoribus
876 800 960 871 impiis
984 801 1095 855 honesta

272 875 401 931 tvulncra
412 876 576 946 accepissent.
613 877 736 948 Sequitur
747 878 862 933 ardorem
878 878 988 932 militum
998 878 1092 942 Caesar,

290 955 433 1024 junctoque
450 958 527 1024 ponte
539 954 661 1010 tramittit
675 955 808 1011 duodecim
825 955 903 1010 millia
914 975 929 1010 e
940 955 1092 1027 legionibus,

296 1049 342 1085 sex
362 1035 389 1085 et
406 1030 498 1101 viginti
515 1031 597 1086 socias
613 1033 739 1099 cohortes,
752 1037 811 1088 octo
826 1034 941 1104 equitum
959 1033 1019 1100 alas,
1033 1052 1094 1104 qua·
1134 1062 1135 1089 r

295 1125 396 1162 mamea
407 1107 530 1162 seditione
542 1109 695 1164 intemerata
705 1109 830 1165 modestia
841 1110 899 1165 fuit.
1134 1144 1135 1181 ῃ

249 1189 288 1243 50
330 1183 405 1249 Lati,
419 1203 501 1256 neque
515 1185 611 1256 procul,
630 1188 750 1243 Germani
764 1187 903 1260 agitabant,
916 1186 976 1242 dum
989 1185 1093 1258 justitio

273 1261 329 1320 2ob
342 1262 463 1316 amissum
474 1263 629 1334 Augustum,
643 1269 703 1335 post
715 1264 855 1330 discordiis,
872 1265 1018 1320 attinemur.
1055 1267 1093 1319 At
1134 1278 1135 1299 ¹

296 1339 428 1395 Rumanm
441 1339 540 1411 agmine
556 1359 665 1412 propero
683 1341 772 1396 silvam
790 1343 898 1398 Gasima
909 1342 1066 1412 limitemque
1078 1360 1094 1395 a

296 1416 397 1472 'liberio
409 1423 521 1488 creptum
539 1418 639 1484 scindit,
654 1424 738 1474 castra
753 1420 781 1475 in
796 1420 876 1475 limite
893 1419 968 1484 locat,
981 1419 1093 1474 frontem

273 1502 328 1549 tao
351 1498 453 1565 tergum
479 1493 551 1560 vallo,
576 1495 657 1550 latera
680 1497 838 1552 concaedibus
861 1497 984 1551 maritus.
1027 1496 1093 1550 lude

297 1571 378 1626 saltus
390 1571 511 1626 obscuros
528 1579 650 1643 permeat,
663 1574 841 1646 consultatque
860 1593 892 1629 ex
908 1573 1007 1628 duobus
1019 1573 1093 1629 itine-

297 1648 367 1704 ribus
388 1648 465 1704 breve
486 1653 512 1704 et
531 1649 634 1704 solitum
653 1655 783 1721 sequatur,
799 1671 833 1707 an
848 1650 995 1723 impeditius
1012 1655 1040 1706 et
1055 1652 1093 1706 in·

274 1730 427 1783 atentatum
445 1744 526 1798 eoque
543 1727 661 1783 hostibus
678 1729 817 1785 incautum.
853 1729 961 1786 Delecta
977 1729 1093 1802 longiore

297 1804 339 1859 via
354 1808 439 1860 cetera
450 1803 639 1860 adcelerantur:
659 1807 753 1861 etenim
769 1807 909 1863 attulerant
920 1807 1092 1879 exploratores

297 1881 391 1936 festam
415 1898 470 1937 eam
495 1882 628 1937 Germanis
652 1889 753 1939 noctem
777 1903 807 1940 ac
828 1884 990 1940 sollemnibus
1010 1885 1092 1955 epulis

274 1957 428 2018 tludicram.
477 1958 577 2014 Caecina
589 1978 648 2015 cum
659 1961 784 2032 expeditis
800 1962 947 2017 cohortibus
964 1962 1092 2033 praeireet

298 2035 428 2091 obstantia
451 2035 571 2091 silvarum
594 2037 690 2093 amoliri
710 2038 843 2110 jubeturz·
859 2039 971 2112 legiones
994 2039 1092 2094 modico

275 2113 431 2171 cintervallo
457 2118 606 2185 sequuntur.
655 2116 728 2171 Juvit
750 2135 803 2171 nox
828 2116 952 2173 sideribus
977 2116 1091 2181 illustris,

299 2194 454 2262 ventumque
467 2190 499 2246 ad
510 2192 579 2246 vicos
591 2192 745 2259 Marsorum,
758 2199 785 2249 et
797 2193 958 2250 circumdata
969 2194 1092 2249 stationes

299 2268 388 2323 stratis
400 2268 545 2324 etiamtum
561 2287 607 2340 per
621 2269 715 2325 cubilia
730 2277 884 2343 propterque
900 2290 1006 2336 mensas,
1023 2272 1092 2327 nullo

276 2352 378 2413 rnatu,
402 2366 454 2404 non
478 2349 628 2420 antepositis
649 2350 750 2421 sigliis.
786 2351 858 2407 Adeo
882 2357 975 2407 eructa
997 2352 1092 2407 incuria

299 2424 405 2499 disjecta
416 2431 496 2491 erant,
509 2445 591 2498 neque
602 2426 663 2482 belli
673 2428 766 2494 timor;
785 2447 815 2484 ac
826 2448 858 2485 ne
869 2447 920 2501 pax
931 2428 1033 2501 quidem
1044 2429 1091 2484 nisi

298 2501 419 2575 languida
430 2508 456 2558 et
469 2504 559 2569 soluta,
573 2506 642 2559 iuter
652 2504 814 2561 temulentos.
1135 2507 1136 2554 l

252 2593 288 2649 51
335 2584 421 2639 Caesar
444 2584 530 2641 avidas
548 2584 670 2657 legiones,
692 2604 743 2657 quo
765 2586 842 2642 latior
864 2586 994 2659 populatio
1018 2587 1091 2653 foret,

300 2666 421 2733 quattuor
445 2662 473 2716 in
496 2680 590 2717 cuneos
614 2662 750 2735 dispertit3
781 2665 966 2737 quinquaginta
988 2665 1091 2721 millium

275 2739 410 2810 2spatium
429 2738 496 2794 ierro
513 2740 671 2811 flammisque
688 2746 826 2812 pervastat.
862 2743 921 2797 Non
941 2761 1024 2808 sexus,
1042 2762 1093 2798 non

300 2824 362 2871 aetas
379 2816 566 2871 miserationem
599 2818 672 2873 ttulit
679 2841 687 2885 3
714 2819 820 2890 pmfaua
837 2820 913 2875 simul
929 2824 957 2875 et
974 2838 1053 2887 sacra
1066 2826 1093 2876 el

299 2894 489 2951 celeberrimum
509 2894 558 2950 illis
582 2896 703 2967 gentibus
727 2897 857 2969 templum,
878 2898 946 2970 quod
967 2899 1094 2970 Tamfaaoe

275 2971 432 3040 {avocabant
456 2972 511 3029 solo
534 2976 675 3046 aquantur.
716 2974 777 3030 Sine
796 2975 901 3033 vulnere
923 2974 1025 3042 milites,
1050 2977 1093 3048 qui
