2550 3500
299 350 347 397 304
509 368 511 373 ’
633 348 752 395 ΤΑΟΙΤΙ

928 412 965 462 [Α.
974 412 1002 451 u.
1012 413 1036 451 c.
1047 411 1092 452 am

300 479 374 531 quam
389 478 473 527 mare;
491 462 518 518 et
534 460 557 514 si
573 460 705 531 naufragio
723 460 865 532 intercepta
880 463 922 527 sit,
935 481 1012 533 quem
1029 462 1094 517 adeo

301 538 416 609 iniquom
431 542 462 593 ut
474 536 561 593 sceleri
577 538 690 609 assignet
707 539 774 611 quod
790 539 860 594 venti
876 545 902 595 et
919 540 1013 595 fluctus
1032 539 1094 595 deli-

302 616 422 689 querint?
449 614 594 669 additurum
614 616 754 687 principem
775 616 900 673 deiunctae
920 617 1046 688 templum
1066 621 1094 673 et

276 700 366 759 4aras,
385 697 411 749 et
428 696 513 747 cetera
530 693 689 751 ostentanda
711 694 809 766 pietati.
844 695 946 751 Placuit
968 695 1092 759 sollertia,

302 775 416 843 tempore
428 770 503 825 etiam
515 770 579 842 juta,
597 771 698 842 quando
715 772 923 844 Quinquatruum
940 772 1021 828 festos
1038 771 1094 829 dias

281 848 370 920 2apud
381 848 457 903 Baias
469 848 653 919 frequentabat.
688 848 755 905 Illuc
766 855 874 907 matrem
885 850 960 917 elicit,
974 850 1095 907 ferendas

302 926 445 998 parentium
456 924 598 984 iracundias
614 930 642 981 et
659 926 808 997 placandum
825 929 937 984 aninum
952 928 1093 994 dictitans3

303 1021 353 1075 quo
380 1021 505 1059 rumorem
535 1003 745 1059 reconciliationis
774 1005 891 1071 efficeret,
915 1005 1094 1076 acciperetque
1140 995 1142 1030 ¹

281 1080 450 1152 sAgrippina
463 1080 531 1136 facili
542 1080 692 1136 feminarum
703 1081 854 1138 credulitate
865 1082 898 1137 ad
908 1082 1009 1154 gaudia
1040 1082 1093 1137 Ve-

302 1158 414 1213 nientem
431 1157 521 1213 dehine
538 1157 627 1213 obvius
648 1158 767 1214 inlitora
788 1160 858 1229 (nam
874 1160 954 1215 Antio
971 1158 1093 1215 adventa·

281 1234 367 1305 abab)
384 1235 485 1307 excepit
500 1254 577 1292 manu
595 1238 621 1289 et
638 1236 778 1307 complexu,
791 1236 912 1308 ducitque
926 1237 1030 1293 Baulos.
1058 1236 1092 1291 Id

302 1313 368 1373 villae
383 1331 475 1369 nomen
490 1317 530 1369 est
546 1331 602 1383 quae
618 1314 819 1384 promontorium
833 1314 963 1371 Misenum
979 1314 1049 1369 inter
1064 1316 1091 1368 et

281 1390 427 1447 tBaianum
443 1390 525 1448 lacum
536 1390 602 1445 flexo
614 1390 679 1446 mari
692 1390 802 1448 alluitur.
838 1391 928 1447 Stabat
945 1391 1014 1447 inter
1029 1391 1091 1446 alins

302 1468 374 1524 navis
382 1468 500 1534 ornatior,
510 1472 629 1538 tanquam
638 1468 772 1539 idquoque
780 1468 870 1525 honori
878 1468 1090 1524 matrisdaretur:
1140 1451 1142 1520 l

303 1546 395 1618 quippe
411 1549 528 1605 sueverat
544 1545 643 1601 triremi
658 1549 685 1601 et
702 1545 886 1603 classiariorum
902 1546 1009 1619 remigio
1024 1546 1092 1601 vehi,

280 1626 342 1681 ooo
359 1632 415 1684 tum
431 1624 538 1682 invitata
549 1622 581 1682 ad
596 1623 803 1695 epularentur
819 1624 969 1681 occultando
985 1625 1091 1681 facinori

302 1720 354 1760 nox
365 1700 533 1762 adhiberetur.
570 1700 636 1759 Satis
644 1701 759 1760 constitit
767 1702 883 1759 extitisse
893 1702 1056 1775 pmditorem,
1064 1706 1090 1758 et

303 1779 468 1850 Agrippinam
481 1778 573 1838 auditis
591 1779 696 1846 insidiis,
705 1797 738 1836 an
749 1780 863 1836 crederet
874 1781 1026 1853 ambiguam,
1035 1800 1090 1853 ges

282 1855 398 1916 itamine
410 1855 476 1914 sellae
485 1856 721 1928 Baiasperveetam.
750 1857 793 1914 Ibi
800 1857 1000 1914 blandimentum
1009 1859 1091 1914 subic-

303 1934 487 1993 vavitmetum:
504 1933 610 1992 comiter
618 1939 725 2006 excepta
732 1954 858 2007 superque
869 1936 952 2007 ipsum
961 1936 1090 1992 collocata
1140 1942 1142 1976 l

281 2011 503 2084 cumpluribus
523 2011 689 2079 sermonibus,
702 2013 777 2069 modo
797 2013 968 2069 familiaritate
985 2014 1091 2086 juvenili

303 2089 374 2156 Nero
386 2093 414 2150 et
424 2107 512 2148 rursus
525 2087 658 2157 adductus,
670 2091 743 2162 quasi
754 2093 820 2146 seria
833 2092 997 2159 consociaret,
1009 2096 1092 2147 tracto

303 2167 441 2240 inlongum
452 2166 578 2231 convictu,
590 2168 754 2238 prosequitur
765 2169 915 2236 abeuntem
930 2169 1025 2224 aretine
1033 2187 1091 2224 ocu-
1140 2190 1142 2263 γ

303 2245 335 2306 lis
344 2248 370 2304 et
379 2245 476 2316 pecten
484 2244 589 2310 hereos,
599 2244 652 2300 sire
661 2244 784 2316 explenda
794 2246 961 2312 simulatione,
974 2263 1021 2302 seu
1029 2247 1091 2317 peri·

304 2325 369 2379 tura
382 2323 470 2380 matris
483 2340 615 2394 supremus
631 2326 749 2394 aspectus
761 2325 875 2394 quamvis
887 2325 969 2380 lerum
981 2325 1090 2380 animum

278 2399 437 2456 retinebat.
473 2399 584 2456 Noctem
601 2399 726 2456 sideribus
740 2401 865 2457 illustrem
876 2406 903 2457 et
919 2401 1018 2473 placido
1029 2403 1092 2458 mari

305 2476 423 2547 quietam,
443 2477 515 2548 quasi
532 2477 730 2533 convincendum
747 2478 780 2534 ad
796 2479 887 2547 scelus,
902 2479 938 2534 dii
954 2480 1089 2551 prebuere.

283 2553 362 2610 2Nec
382 2554 490 2610 multum
508 2558 562 2610 erat
581 2573 716 2626 progressa
735 2557 815 2623 navis,
835 2557 934 2612 duobus
952 2576 967 2612 e
987 2576 1091 2618 numero

304 2630 463 2688 familiarium
480 2631 647 2702 Agrippinam
664 2634 860 2690 comitantibus:
879 2653 912 2691 ex
928 2636 984 2706 quis
1000 2635 1090 2706 crepe

305 2708 372 2766 reios
393 2708 480 2764 Gallus
500 2707 567 2765 huud
586 2709 675 2780 procul
694 2710 871 2782 gubernaculis
890 2712 996 2778 astabat,
1015 2714 1091 2768 Acer·

304 2785 383 2850 ronia,
402 2803 477 2856 super
492 2785 568 2856 pedes
585 2785 722 2842 cubitantis
738 2789 846 2858 reclinis,
861 2789 1032 2861 penitentiam
1046 2790 1091 2845 filii

305 2865 332 2918 et
349 2865 522 2933 recuperatam
537 2863 625 2918 matris
641 2865 750 2934 gratiam
767 2885 814 2938 per
830 2867 951 2939 gaudium
972 2884 1091 2922 memora·

305 2938 366 2998 bat:
384 2957 442 2998 eum
458 2938 518 2996 dato
533 2939 606 3010 signo
621 2957 696 2996 ruere
712 2946 810 3000 tectum
825 2945 875 3003 loci
889 2944 970 3000 multo
987 2943 1090 3016 plumbo
