2550 3500
419 564 453 623 O.
488 562 751 625 CORNELII
790 562 971 623 TAOITI

438 712 485 765 AB
509 711 668 767 EXOESSU
684 712 765 764 DIVI
783 710 935 765 AUGUSTI

300 861 1089 951 ANNALIUM

552 1032 662 1085 maan
679 1030 838 1085 TERTIUS.
1143 957 1145 1086 l

640 1154 745 1166 -u-

273 1228 287 1281 1
332 1224 571 1282 Nmmintermissc
579 1226 739 1298 navigatione
747 1224 845 1281 hiberni
854 1225 1089 1297 maris,Agrippina

298 1301 433 1375 Corcyram
455 1304 563 1359 insulam
586 1304 727 1369 advehitur,
751 1302 828 1357 litora
851 1301 973 1357 Calabriae
997 1307 1088 1358 contra

296 1380 378 1435 sitam.
415 1380 471 1436 Illic
490 1400 582 1453 paucos
602 1381 656 1437 dies
675 1378 847 1451 componendo
866 1379 949 1433 animo
969 1380 1084 1446 insumit,

273 1457 407 1516 2violenta
428 1457 501 1513 luctu
524 1462 550 1513 et
573 1458 659 1513 nescia
678 1456 809 1513 tolerandi.
845 1456 953 1511 Interim
975 1456 1087 1512 adventu

295 1534 351 1605 ejus
363 1534 450 1590 audito
461 1535 566 1590 intimus
579 1535 686 1606 quisque
704 1534 841 1589 amicornm
853 1538 880 1588 et
896 1533 1009 1604 plerique
1023 1534 1087 1588 mili-

294 1614 370 1677 tares,
383 1616 413 1667 ut
425 1612 518 1683 quique
531 1612 578 1667 sub
592 1611 741 1667 Germanico
753 1610 879 1681 stipendia
889 1610 1009 1676 fecerant,
1022 1611 1087 1665 mul-

294 1688 365 1760 tique
377 1689 454 1743 etiam
468 1689 550 1762 ignoti
566 1688 656 1743 vicinis
674 1708 689 1744 e
700 1688 852 1760 municipiis,
865 1706 923 1760 pars
938 1688 1047 1743 officium
1059 1689 1087 1743 in

293 1766 433 1837 principem
452 1767 510 1832 rati,
528 1767 613 1838 plures
634 1767 691 1822 illos
710 1767 799 1832 secuti,
820 1785 895 1821 ruere
913 1765 945 1820 ad
965 1765 1087 1837 oppidum

294 1842 466 1908 Brundisium,
484 1843 552 1914 quod
567 1844 699 1916 naviganti
714 1843 871 1899 celerrimum
886 1842 1086 1914 fidissimumque

271 1921 401 1992 cappulsu
418 1925 480 1976 erat.
516 1923 603 1992 Atque
619 1922 665 1977 ubi
678 1921 789 1993 primum
805 1939 838 1976 ex
852 1920 904 1975 alto
918 1920 974 1975 visa
989 1920 1084 1986 classis,

206 1999 210 2006 '
293 1998 451 2069 complentur
469 2016 522 2053 non
540 1997 615 2053 modo
638 2003 729 2070 portus
752 2004 779 2053 et
798 1996 1015 2069 proximamus,
1040 1997 1086 2052 sed

292 2075 384 2130 moenia
396 2093 425 2130 ac
436 2078 513 2141 tecta,
528 2093 627 2148 queque
642 2075 789 2147 longissime
805 2074 962 2146 prospectari
975 2078 1084 2144 poterat,

291 2152 449 2208 merentium
462 2152 539 2208 turba
550 2156 577 2208 et
592 2153 759 2226 rogitantium
772 2153 841 2207 inter
860 2171 888 2207 se
902 2151 1036 2206 silentione
1052 2170 1085 2207 an

268 2239 353 2286 dvoce
365 2229 449 2300 aliqua
466 2229 638 2302 egredientem
650 2230 808 2300 exciperent.
844 2229 937 2299 Neque
951 2228 1013 2283 satis
1025 2246 1085 2283 con-

294 2305 380 2361 stcbat
400 2305 462 2377 quid
481 2324 527 2377 pro
547 2310 663 2378 tempore
681 2306 756 2372 foret,
776 2324 835 2360 cnm
855 2305 943 2361 classis
962 2305 1085 2376 paulatim

291 2382 422 2451 successit,
434 2400 485 2437 non
497 2383 580 2449 alacri,
593 2388 624 2438 ut
641 2382 746 2449 adsolet,
758 2382 871 2454 remigio,
884 2382 930 2437 sed
941 2381 1039 2438 cunctis
1051 2381 1084 2436 ad

266 2459 425 2513 dtristitiam
442 2461 597 2532 compositis.
633 2461 774 2531 Postquam
795 2459 893 2514 duobus
911 2478 970 2516 cum
988 2459 1082 2524 liberis,

290 2535 396 2590 feralem
408 2555 498 2592 urnam
510 2541 608 2603 tenens,
621 2556 724 2610 egressa
739 2536 798 2591 navi
814 2535 901 2592 defixit
910 2537 1003 2602 oculos,
1016 2536 1084 2591 idem

288 2612 403 2667 omnium
415 2614 542 2685 gemitus:
560 2633 643 2685 neque
660 2614 815 2670 discerneres
833 2615 968 2686 proximos,
982 2614 1083 2681 alienos,

287 2690 402 2744 virorum
426 2689 608 2746 feminarumve
628 2691 754 2763 planctus,
774 2690 825 2746 nisi
845 2691 913 2763 quod
933 2691 1083 2746 comitatum

287 2767 435 2839 Agrippum
455 2767 532 2839 longo
550 2786 655 2824 merore
672 2768 771 2824 fessum
791 2769 861 2825 obvii
878 2773 905 2824 et
922 2773 1038 2825 recentes
1055 2767 1084 2823 in

260 2843 373 2904 2dolore
397 2843 536 2899 anteibunt.
572 2845 682 2900 Miserat
711 2845 775 2902 duas
803 2846 935 2919 pratorias
963 2846 1083 2901 cohortes

287 2920 381 2990 Cesar,
402 2920 488 2978 addito
511 2924 542 2977 ut
564 2922 730 2994 magistratus
751 2923 874 2980 Calabris
902 2923 1031 2995 Apulique
1054 2926 1081 2978 et
1143 2934 1144 2971 l
