2550 3500
226 364 248 400 A
263 349 342 410 Μ]
421 298 615 346 ANNALIUM
631 298 702 347 XIV.
716 298 817 349 13-17.
965 300 1009 345 311

138 411 139 422 ¹
224 430 282 481 pes,
295 429 357 481 quas
372 409 432 465 boni
447 409 605 475 necessitate,
621 410 817 480 intemperantes
831 408 911 480 gloria
926 425 1014 463 consu-

224 492 334 543 merent.
370 486 435 542 inde
446 487 551 558 gliscere
562 487 659 557 flagitia
676 486 832 551 et'infamia3
850 503 897 540 nec
905 484 956 539 ulla
965 492 1042 539 mot

225 565 299 619 ribus
317 564 376 619 olim
394 564 519 633 corruptis
536 563 593 635 plus
610 562 742 618 libidinum
759 561 923 617 circumdedit
941 579 1015 632 qnam

224 640 272 695 illa
292 640 419 696 colluvies.
454 640 507 694 Vix
527 638 624 694 artibus
643 640 757 694 honestis
777 638 859 709 pudor
875 638 1041 707 retinetur35

137 759 141 777 r
224 717 321 773 nedum
335 718 403 772 inter
418 717 556 772 certamina
568 716 687 771 vitiorum
699 716 820 787 pudicitia
837 718 882 770 aut
893 715 1016 771 modestia

226 798 274 849 aut
297 794 433 865 quicquam
455 793 528 864 probi
551 793 628 847 moris
652 796 830 847 reservaretur.
866 792 1041 851 Postremus6

225 871 284 941 ipse
296 890 383 926 scenas
394 870 496 935 incedit,
506 868 658 925 multa‘cnra
669 873 771 925 tentans
784 870 904 925 citharam
916 874 942 925 et
954 890 1015 942 prae·

225 948 352 1002 meditem
377 947 561 1002 assistentibus.
596 946 685 1001 Facies
706 951 845 1003 accesserat
863 948 952 1003 cohors
969 948 1041 1007 mii

225 1024 310 1089 litum,
334 1024 494 1079 centuriones
513 1023 668 1094 tribunique,
690 1028 716 1078 et
739 1043 844 1079 maerens
867 1025 965 1079 Burrus
986 1042 1015 1079 ac

225 1100 340 1155 laudans.
376 1101 499 1171 Tuncque
512 1100 622 1171 primum
633 1100 770 1171 conscripti
783 1106 842 1155 suut
854 1102 951 1172 equites
963 1102 1014 1156 Ro·
1025 1116 1040 1162 8

225 1178 297 1231 mani
313 1181 479 1248 cognomento
494 1180 698 1248 Acerranorum,
718 1181 793 1231 aetate
810 1196 839 1232 ac
855 1178 943 1233 robore
955 1197 1014 1233 con-

227 1253 317 1323 spicui,
336 1258 363 1307 ct
380 1272 438 1325 pers
455 1254 557 1325 ingenio
574 1271 702 1324 procaces,
720 1253 763 1308 alii
779 1254 807 1308 in
824 1272 868 1325 spe
886 1256 1012 1325 potentiae.

227 1330 318 1386 lidies
331 1349 360 1386 ac
370 1335 458 1387 noctes
473 1331 603 1402 plausibus
618 1349 760 1402 personare,
777 1332 881 1385 formam
895 1332 1038 1404 principiae

221 1426 364 1479 ¹vocemque
376 1408 450 1463 deum
461 1408 589 1464 vocabulis
606 1408 760 1479 appellantes
771 1428 778 1472 ;
797 1409 868 1479 quasi
879 1428 924 1479 per
934 1410 1013 1464 virtu-

225 1490 280 1540 tem
292 1486 352 1541 clari
363 1486 529 1556 honoratique
540 1503 622 1555 agere.
659 1485 701 1539 Ne
709 1489 794 1539 tamen
802 1485 904 1540 ludicrae
912 1489 1012 1541 tantum
1025 1496 1060 1551 16

138 1605 142 1614 .
226 1562 386 1633 imperatoris
404 1565 472 1617 artes
489 1564 657 1627 notescerent,
676 1562 814 1615 carminum
837 1580 936 1632 quoque
959 1566 984 1617 st
1003 1596 1012 1606 ·

226 1639 295 1695 dium
301 1640 435 1705 affectavit,
441 1638 578 1694 contractis
585 1638 676 1709 quibus
687 1638 899 1710 aliquapangendi
905 1638 1011 1697 facultas

225 1718 347 1774 necdum
360 1718 474 1790 insignis.
510 1716 627 1788 †AEtatis
647 1717 701 1772 nati
716 1718 751 1788 (et
767 1720 830 1772 setis
846 1722 912 1773 nota.
934 1718 973 1774 He'
984 1718 1009 1790 i)
1022 1733 1036 1779 2

138 1812 139 1825 ¹
228 1796 358 1851 considera
375 1795 457 1861 simul,
477 1797 503 1850 et
521 1795 609 1850 allatos
626 1795 668 1850 vel
684 1795 776 1850 ibidem
793 1798 905 1867 repertos
923 1815 1010 1852 versus

226 1877 382 1939 connectere,
402 1877 479 1944 atque
499 1872 579 1943 ipsius
595 1871 672 1928 verba
694 1891 794 1944 quoquo
816 1873 890 1928 modo
914 1873 1011 1944 prolata

138 2000 139 2003 ,
226 1950 349 2021 supplere.
384 1949 462 2009 Quod
479 1949 575 2020 speeies
585 1950 642 2021 ipsa
658 1951 796 2006 carminum
808 1950 889 2016 docet,
901 1969 953 2006 non
966 1951 1035 2012 ima

225 2031 290 2097 petu
300 2030 327 2080 ct
338 2027 462 2082 instinctu
472 2045 520 2082 nec
531 2044 575 2082 ore
586 2045 637 2082 uno
655 2029 743 2082 fluens.
779 2028 864 2082 Etiam
882 2027 1010 2098 sapientiae

227 2102 371 2158 doctoribus
382 2108 483 2175 tempus
494 2104 655 2175 impertiebat
667 2108 725 2174 post
737 2105 830 2176 epulas,
841 2104 942 2174 †utque
954 2123 1010 2159 con-

225 2180 303 2235 traria
317 2184 461 2236 asseverant
477 2184 534 2235 tum
551 2181 681 2236 discor-dic
697 2184 814 2236 rueretur
833 2182 872 2250 (et
889 2184 932 2252 qui
955 2201 1010 2235 ecn-

227 2260 308 2312 traria
324 2261 512 2312 asceterium
528 2259 652 2313 discordie
672 2263 823 2312 recrearetur
834 2257 875 2326 il:
901 2275 947 2312 nec
968 2257 1010 2312 de-

227 2337 298 2388 erant
314 2334 358 2405 qui
374 2352 418 2389 ore
428 2335 552 2406 vultuque
568 2335 638 2390 tristi
658 2335 725 2390 iuter
742 2334 924 2390 oblectamenta
941 2335 1010 2406 regia

227 2413 334 2482 spectari
345 2415 474 2482 cuperent.

262 2488 313 2542 Sub
330 2488 397 2543 idem
414 2492 514 2560 tempus
531 2489 581 2544 levi
597 2489 671 2544 initio
687 2491 760 2544 atrox
776 2488 855 2544 caedes
872 2493 928 2544 orta
943 2489 1009 2544 inter
1022 2495 1058 2558 17

227 2565 326 2620 colonos
352 2565 494 2620 Nucerinos
518 2567 741 2638 Pompeianosque,
766 2567 915 2638 gladiatorio
939 2584 1009 2637 spec-

138 2664 139 2711 ,
227 2643 317 2707 taoalo,
336 2642 404 2713 quod
420 2643 550 2698 Livineius
567 2644 690 2716 Regulus,
710 2663 785 2715 quem
803 2649 900 2699 motum
921 2647 1010 2698 senatu

227 2720 320 2785 rettuli,
334 2720 431 2775 edebat.
468 2721 570 2792 Quippe
585 2721 710 2793 oppidana
724 2722 828 2777 lascivia
838 2722 865 2776 iu
880 2721 959 2774 ricem
972 2719 1034 2778 in-2

229 2804 353 2854 cessentes
364 2799 462 2870 probra,
476 2798 534 2854 dein
542 2819 609 2865 saxa,
622 2807 751 2871 postremo
763 2801 857 2854 ferrum
870 2815 1008 2866 sumpsere,

228 2876 344 2932 calidiore
358 2875 569 2948 Pompeianorum
583 2877 664 2949 plebe,
680 2876 748 2949 apud
764 2895 827 2948 quos
839 2873 1008 2946 spectaculum
