2550 3500
323 351 371 398 314
535 404 538 408 ,
655 348 774 398 ΤΑΟΙΤΙ

946 412 1105 460 mmmm

322 479 422 515 causam
444 460 506 529 fore,
529 479 588 517 cum
609 478 641 516 co
664 464 768 533 sumptu
790 479 831 516 res
854 460 955 532 publica
974 462 1106 533 fungatur.

297 539 457 592 §Oratorem
480 556 509 593 ac
532 543 619 593 vatum
641 538 759 593 victorias
782 538 974 593 incitamentum
997 539 1108 609 ingeniis
1141 586 1142 591 ,

321 614 453 679 allaturam
471 632 518 669 nec
535 614 652 684 cuiquam
668 614 748 685 judici
765 632 849 685 grave,
865 632 939 669 aures
955 614 1047 670 studiis
1063 616 1109 669 ho·

296 690 613 761 onestisetvoluptatibus
621 690 746 746 concessis
754 690 889 761 impertire.
907 690 1017 746 Laetitia
1023 692 1109 763 magis

320 785 396 837 quam
415 767 523 822 lascivia
541 766 595 821 dari
615 785 708 837 paucas
725 767 806 821 totius
824 768 988 837 quinquennii
1008 772 1108 834 noctes,

320 846 411 915 quibus
422 849 494 899 tanta
504 845 561 900 luce
571 845 669 917 ignium
680 844 744 899 nihil
754 844 870 899 illicitum
882 846 1003 901 occidtari
1019 852 1108 916 queat.

295 922 385 983 JSane
413 921 482 977 nullo
510 922 604 993 insigni
632 922 854 977 dehonestamento
883 922 910 977 id
932 922 1108 993 spectaculum

318 999 426 1054 tranmit.
462 1002 502 1055 Ac
515 1018 547 1054 ne
559 999 656 1053 modica
672 999 772 1069 quidem
784 999 869 1053 studia
880 999 960 1070 plebis
978 1018 1106 1066 exarsere,
1141 986 1142 1047 l

319 1077 378 1146 quia
396 1076 490 1131 redditi
505 1094 648 1147 quanquam
663 1094 743 1131 scenae
759 1076 907 1147 pantomimi
923 1077 1105 1134 certaminibus

293 1164 308 1209 8
318 1153 395 1207 sacris
404 1153 608 1224 prohibebantur.
626 1152 784 1223 Eloquentiae
793 1153 886 1221 primas
898 1172 971 1207 nemo
978 1153 1047 1219 tulit,
1058 1155 1104 1209 sed

317 1230 438 1285 victorem
450 1249 505 1285 csse
521 1230 646 1285 cesarem
658 1229 856 1300 pronuntiatum.
892 1229 975 1284 Graeci
986 1230 1102 1299 amictus,
1141 1276 1142 1279 ,

317 1307 376 1377 quis
385 1326 480 1378 pereos
492 1308 545 1362 dies
557 1306 669 1378 plerique
681 1306 843 1371 incesserant,
857 1306 1088 1362 tumexoleverant.

269 1384 308 1441 Ὦ
351 1382 1101 1455 fflmmaemfflmmwmffifflmmmofflffl

316 1461 399 1532 opinio
412 1467 452 1537 est
463 1467 584 1533 tanquam
595 1460 761 1515 mutationem
773 1460 858 1531 regnis
870 1460 1012 1531 portendat.
1050 1463 1101 1533 Igi-

315 1541 360 1593 tur
382 1540 454 1610 qnasi
471 1539 525 1610 jam
545 1537 649 1609 depulso
673 1536 783 1602 Nerone,
809 1538 921 1609 quisnam
947 1537 1100 1609 deligeretur

291 1616 487 1687 aanqnirebant.
523 1616 558 1671 Et
575 1615 688 1669 omnium
704 1632 748 1669 ore
764 1614 897 1669 Rubellius
914 1614 1021 1670 Plautus
1039 1616 1100 1671 cele·

315 1693 442 1760 bisbetum
465 1694 507 1750 cui
525 1693 644 1750 nobilitas
664 1711 710 1764 per
729 1696 836 1748 matrem
857 1710 889 1748 ex
908 1693 978 1748 Julia
997 1694 1098 1752 familia.

290 1771 375 1841 aIpse
397 1771 492 1841 placita
513 1771 638 1842 majorum
661 1769 766 1835 colebat,
790 1769 880 1825 habitu
908 1789 1003 1836 severo,
1030 1775 1099 1827 casta

314 1852 341 1902 et
353 1852 451 1902 secreta
465 1846 547 1913 domo,
566 1850 711 1918 quantoque
725 1851 795 1902 metu
811 1846 940 1911 occultior,
958 1851 1031 1902 tanto
1043 1849 1098 1920 plus

289 1924 388 1980 4famae
405 1923 519 2002 adeptus.
554 1924 635 1978 Auxit
652 1942 778 1978 rumorem
794 1924 849 1994 pari
863 1924 976 1979 vanitate
991 1929 1050 1980 orta
1062 1926 1099 1980 in-

316 2001 464 2072 terpretatio
480 2000 595 2072 fulgoris.
631 2001 700 2056 Nam
715 2001 774 2072 quia
790 2001 970 2056 discumbentis
988 2002 1098 2057 Neronis

314 2079 382 2150 apud
406 2077 548 2133 Simbruina
570 2082 666 2148 stagna,
689 2078 730 2132 cui
751 2077 920 2148 Sublaqueum
940 2096 1034 2134 nomen
1052 2083 1097 2146 est,

313 2156 371 2212 ictae
383 2155 459 2228 dapes
476 2174 612 2226 mensaque
627 2155 733 2226 disjecta
744 2158 806 2220 erat,
819 2154 895 2226 idque
906 2155 999 2210 finibus
1011 2155 1097 2212 Tibur·

312 2238 369 2288 tum
381 2233 512 2302 acciderat,
527 2233 595 2288 unde
611 2236 717 2304 patema
732 2232 825 2287 Plauto
837 2233 924 2304 origo;
943 2233 1011 2288 buno
1028 2233 1097 2288 illum

312 2311 415 2366 numine
433 2311 510 2366 desim
528 2309 649 2366 destinari
668 2308 810 2375 eredebant,
828 2309 999 2380 fovebantque
1016 2311 1095 2377 multi,

312 2387 405 2458 quibus
423 2406 489 2442 nova
505 2391 532 2442 et
548 2386 666 2457 ancipitia
677 2386 810 2457 praeoolere
823 2386 896 2440 avida
907 2389 933 2441 et
951 2386 1095 2459 plerumque

286 2474 301 2520 ὅ
312 2464 388 2518 fallax
397 2464 500 2519 ambitio
511 2468 558 2519 est.
577 2465 647 2535 Ergo
658 2467 787 2534 permotus
798 2463 838 2518 his
846 2463 917 2518 Nero
929 2465 1056 2535 componit
1065 2465 1095 2519 ud

311 2541 432 2595 Plautum
448 2541 554 2606 litteras,
573 2540 716 2596 consuleret
734 2541 814 2611 quieti
832 2540 908 2606 urbis,
926 2559 1003 2611 seque
1018 2559 1095 2612 prava
1141 2583 1142 2612 ,

312 2617 499 2672 diffamantibus
520 2617 696 2672 subtraheret:
717 2636 773 2672 esse
790 2618 827 2672 illi
847 2636 892 2688 per
912 2619 997 2672 Asiam
1012 2621 1094 2674 avitos

312 2712 394 2766 agros,
415 2694 443 2748 in
463 2693 554 2764 quibus
570 2698 629 2748 tuta
649 2702 675 2749 et
692 2695 821 2750 inturbida
838 2696 943 2766 juventa
960 2695 1092 2752 frueretur.

310 2772 355 2827 Ita
371 2771 432 2825 illuc
450 2788 507 2825 cum
527 2771 634 2842 conjuge
651 2772 765 2826 Antistia
788 2778 814 2828 et
833 2773 919 2844 paucis
937 2771 1093 2828 familiarium

311 2840 443 2896 concessit.
1141 2907 1142 2946 1

285 2927 301 2976 6
344 2915 430 2972 ladem
442 2915 529 2971 dicbus
539 2915 617 2970 nimia
627 2915 703 2972 luxus
715 2917 806 2989 cupido
821 2916 949 2974 infamiam
960 2918 1091 2989 elperico-
