2550 3500
302 364 348 410 154
630 362 749 410 TACITI

930 426 965 473 [r.
975 426 1001 465 n.
1011 427 1032 464 c.
1044 427 1089 467 ris

298 473 468 544 tuagesimum
481 477 539 528 ante
552 492 645 529 annum
661 475 791 545 perempti,
801 474 926 545 quomodo
935 475 1090 545 imaginibus

300 552 353 605 suis
371 555 519 615 noscuntur,
540 569 602 621 quas
623 570 671 605 neo
690 552 772 606 victor
791 551 892 622 quidem
913 551 1030 617 abolevit,
1053 554 1091 607 sic
1144 569 1145 578 ¹

275 631 398 697 4partem
410 628 535 681 memoria
548 626 616 697 apud
632 629 768 699 scriptores
786 628 917 683 retinent?
938 629 1019 683 Suum
1036 630 1092 684 cui-

300 722 349 774 que
362 704 438 758 decus
455 705 589 775 posteritas
602 704 762 775 rependunt;
779 724 826 759 nec
844 704 959 770 deerunt,
979 706 1001 760 si
1018 705 1091 760 dam·

299 780 369 835 natio
381 780 485 852 ingruit,
499 781 543 852 qui
554 800 605 835 non
616 782 692 837 modo
704 782 786 837 Cassii
803 789 830 837 et
847 782 931 847 Bruti,
949 782 994 837 sed
1010 783 1090 837 etiam

276 858 561 922 ornei,mem1neriut.”
598 858 724 929 Egressus
749 858 808 913 dein
830 863 921 913 senatu
944 860 1023 913 vitam
1047 860 1089 915 ab

300 934 421 989 stinentia
432 934 521 989 linivit.
557 934 650 989 Libros
662 954 707 1006 per
719 935 803 990 aedilcs
811 935 958 990 cremandos
966 954 1089 991 censuere

276 1015 402 1083 epatres:
421 1011 466 1066 sed
478 1016 632 1077 manserunt,
646 1012 767 1069 occultati
779 1016 805 1067 et
817 1011 887 1067 editi.
935 1013 994 1071 Quo
1006 1013 1089 1083 magis

300 1088 440 1143 socordiam
459 1107 547 1143 eorum
564 1089 669 1144 irridere
686 1089 755 1155 libet,
774 1090 819 1159 qui
834 1090 955 1160 prasenti
971 1090 1090 1161 potentia

300 1164 407 1219 crodunt
420 1166 536 1237 extingui
551 1184 626 1237 posse
638 1166 715 1221 etiam
726 1167 856 1237 sequentis
868 1167 916 1222 avi
931 1167 1085 1222 memoriam.

277 1242 369 1295 iNam
388 1248 477 1297 contra
496 1244 592 1313 punitis
609 1243 717 1313 ingeniis
732 1242 818 1313 gliscit
834 1244 988 1309 auctorita-53
1005 1263 1089 1315 neque

300 1318 369 1373 aliud
381 1320 481 1375 externi
492 1340 573 1391 reges,
587 1325 632 1375 aut
645 1321 688 1390 qui
701 1319 788 1375 eadem
800 1320 898 1375 saevitia
909 1321 950 1375 usi
962 1324 1029 1386 sunt,
1037 1321 1090 1375 nisi

301 1398 409 1453 dedecus
421 1399 469 1454 sibi
486 1404 561 1471 atque
573 1398 622 1454 illis
634 1399 738 1471 gloriam
751 1418 878 1471 peperere.

253 1476 292 1531 36
336 1475 455 1530 Ceterum
468 1476 625 1547 postulandis
640 1477 691 1531 reis
706 1480 759 1530 tam
776 1476 912 1531 continuus
929 1494 1010 1531 annus
1028 1475 1087 1542 fuit,

300 1556 331 1607 ut
349 1552 469 1607 feriarum
489 1554 641 1609 Latinarum
661 1552 749 1608 diebus
770 1553 917 1624 praefectum
934 1554 1005 1608 urbis
1021 1554 1089 1608 Dru·

301 1648 366 1695 sum,
379 1630 525 1700 auspicandi
537 1633 619 1701 gratia
630 1631 742 1686 tribunal
757 1631 907 1703 ingressum,
923 1630 1014 1685 adierit
1031 1630 1090 1685 Cal-

301 1707 406 1779 purnius
420 1707 550 1764 Salvianus
562 1708 590 1763 in
602 1709 708 1763 Sextum
720 1708 840 1764 Marium.
877 1707 954 1768 Quod
968 1709 1090 1764 auresue
1143 1737 1144 1771 4

277 1785 382 1856 2palam
401 1785 552 1855 increpitum
571 1804 647 1840 cansa
664 1786 734 1840 exilii
753 1786 868 1840 Salviano
887 1785 945 1840 tuit.
983 1785 1092 1856 Objeeta

301 1860 400 1932 publice
420 1862 549 1933 Cyzicenis
570 1862 668 1917 incuria
686 1862 884 1918 caerimoniarnm
902 1862 954 1916 divi
968 1863 1090 1934 Augusti,
1143 1868 1144 1883 ³

301 1938 393 1994 additis
410 1939 535 1993 violentior
550 1939 696 1994 criminibus
713 1939 847 1994 adversum
865 1939 932 1993 cives
950 1939 1090 1994 Romanos.

278 2017 337 2071 sur
349 2015 455 2071 emisere
470 2016 621 2082 libertatem,
643 2035 718 2087 quam
733 2016 799 2072 bello
815 2015 974 2071 Mithridatis
993 2034 1092 2070 merno-

301 2098 360 2148 rant
372 2093 538 2158 circumsessi,
552 2112 599 2148 neo
614 2094 699 2148 minus
715 2112 762 2149 sua
779 2093 922 2149 constantia
937 2111 1013 2162 quarn
1028 2111 1094 2164 pra·

277 2171 366 2226 4sidio
390 2170 492 2226 Luculli
514 2170 588 2242 pulso
611 2189 679 2243 rege.
715 2173 752 2226 At
775 2171 897 2225 Fonteius
922 2170 1022 2240 Capito,
1047 2171 1093 2240 qui

301 2250 437 2321 proconsul
455 2249 543 2305 Asiam
563 2253 703 2315 curaverat,
721 2249 867 2317 absolvitur,
885 2252 1014 2320 comperto
1031 2249 1095 2304 ficta

279 2327 399 2386 tineam
412 2328 517 2382 crimina
528 2346 573 2398 per
584 2327 689 2382 Vibium
704 2327 833 2382 Serenum.
869 2326 962 2396 Neque
970 2330 1057 2380 tamen
1065 2326 1095 2381 id

304 2407 397 2461 Sereno
409 2425 481 2461 noxae
493 2406 551 2472 fnit,
565 2425 639 2477 quem
652 2405 739 2460 odium
750 2405 879 2476 publicum
887 2405 1010 2459 tutiorem
1016 2404 1095 2460 facie·
1141 2462 1142 2467 ,

303 2483 361 2539 bat:
380 2503 438 2538 uum
449 2489 480 2538 ut
492 2485 549 2555 quis
561 2483 701 2538 districtior
712 2486 851 2549 accusator,
863 2482 934 2537 velut
945 2499 1092 2537 sacrosanc-

302 2565 346 2615 tus
358 2565 413 2615 erat
426 2581 432 2626 ;
450 2561 526 2626 leves,
539 2561 672 2632 ignobiles,
684 2560 763 2630 poenis
776 2559 959 2614 afficiebantur.
1140 2554 1143 2643 l

256 2642 293 2699 37
337 2638 388 2692 Per
399 2637 466 2692 idem
477 2641 578 2708 tempus
591 2637 717 2707 Hispania
728 2637 833 2691 ulterior
840 2636 924 2690 missis
933 2635 965 2689 ad
975 2638 1096 2691 senatum
1140 2654 1141 2681 1

302 2716 393 2787 legatis
406 2715 495 2780 oravit,
508 2719 538 2768 ut
550 2714 665 2784 exemplo
677 2713 746 2768 Asiae
755 2713 887 2768 delubrum
896 2713 998 2768 'liberio
1006 2714 1096 2768 matri-

280 2803 352 2864 2que
364 2793 418 2863 ejus
431 2795 581 2846 exstrueret.
612 2792 672 2850 Qua
683 2791 814 2846 occasione
821 2791 913 2855 Cesar,
924 2789 1024 2845 validus
1033 2790 1096 2844 alio

303 2871 347 2940 qui
365 2867 511 2940 spernendis
532 2867 677 2933 honoribus,
697 2872 723 2922 et
744 2867 947 2939 respondendum
968 2872 1041 2922 ratus
1061 2868 1095 2923 iis

302 2965 408 3018 qnorum
423 2963 524 3002 rumore
538 2945 692 3016 arguebatur
703 2945 731 3001 in
742 2945 903 3002 ambitionem
921 2944 1031 3012 flexisse,
1044 2944 1097 3000 bu-
