2550 3500
288 333 318 381 1⁰
622 324 741 373 rscrrr
1140 346 1142 390 :

914 391 950 440 [1.
962 391 1080 434 11111.
1140 396 1142 399 ·

285 431 360 487 vultu
377 433 538 492 offensionem
552 437 758 508 conjectarent)
771 457 822 494 non
835 439 928 494 idcirco
939 441 1082 513 interroga·

286 512 343 563 tum
355 509 391 564 ait
403 515 432 565 ut
444 511 567 568 divideret
579 533 636 584 qnae
648 517 759 586 separari
770 517 912 586 nequirent,
926 518 971 572 sed
986 522 1016 572 11
1032 537 1081 574 111

287 587 444 644 confessione
461 597 610 661 argueretur
628 611 709 647 unum
726 612 782 648 esse
803 594 841 648 rei
857 595 964 664 pubiioae
985 613 1081 666 corpus
1140 582 1142 623 i

266 668 364 734 totquc
375 666 450 721 unius
463 667 546 722 animo
561 669 707 739 regendum.
743 669 850 725 Addidit
865 671 964 727 landem
977 672 1008 727 de
1026 675 1083 727 An·
1140 688 1142 735 ζ

288 746 372 812 gusto,
383 743 561 816 Tiberiumque
575 746 660 818 ipsum
674 748 838 802 victoriarum
849 767 960 814 suarum,
973 768 1083 820 quaque

265 819 315 874 6in
326 823 387 891 toga
398 839 444 892 per
457 823 497 876 tot
514 841 592 878 annos
605 825 707 896 egregie
723 825 833 890 fecisset,
847 825 985 881 admonuit.
1023 827 1083 882 Neo

287 895 344 951 idco
356 899 419 952 iram
436 898 491 970 ejus
507 899 603 965 lenivit,
616 901 714 972 pridem
727 902 832 968 invisus,
845 906 975 974 tamquam
993 903 1085 970 (ducta
1140 918 1142 951 ῑ

287 975 315 1029 in
326 975 515 1031 matrimonium
526 977 650 1048 Vipsania
665 979 704 1033 M.
718 979 839 1050 Agrippae
853 980 911 1045 iilia,
930 999 986 1051 quae
1002 999 1085 1051 quon·
1140 970 1142 1028 ῗ

289 1051 347 1105 darn
354 1052 448 1108 Tiberii
459 1072 523 1108 uxor
534 1053 638 1125 tuerat)
648 1055 706 1127 plus
719 1075 793 1127 quam
805 1057 888 1112 civilia
899 1058 1015 1130 agitaret,
1023 1058 1085 1112 Pol·
1140 1054 1142 1097 i

288 1129 413 1200 lionisque
425 1131 509 1186 Asinii
520 1133 600 1203 patris
612 1133 731 1188 ferociam
742 1134 872 1189 retineret.
1140 1184 1141 1189 ,

246 1214 282 1269 13
324 1206 388 1261 Post
406 1225 462 1276 qua
480 1208 512 1264 L.
524 1210 664 1266 Arruntius
683 1211 752 1266 haud
772 1211 881 1268 multum
900 1211 1046 1282 discrepans
1070 1231 1088 1267 1

291 1283 357 1339 Galli
367 1285 480 1340 oratione
492 1286 595 1357 perinde
611 1287 724 1353 offendit,
738 1306 889 1360 quamquem
900 1289 1001 1343 Tiberio
1012 1288 1088 1344 nulla

290 1367 364 1418 vetus
380 1363 407 1418 in
423 1365 575 1420 Arruntium
592 1365 646 1421 ira:
665 1365 711 1421 sed
727 1365 838 1431 divitem,
856 1371 1009 1438 promptum,
1023 1369 1088 1422 arti-

269 1439 338 1495 2bus
350 1441 458 1512 egregiis
470 1445 497 1497 et
508 1443 564 1518 pari
574 1442 643 1498 sama
652 1443 760 1514 publice,
773 1443 944 1514 suspectabat.
981 1444 1089 1515 Quippe

290 1518 425 1588 Augustus
439 1519 563 1590 supremis
581 1520 739 1575 sermonibus
757 1539 815 1576 cum
832 1524 962 1590 tractaret,
982 1521 1090 1592 quinam
1140 1522 1141 1525 ’

291 1594 396 1666 adipisci
412 1596 550 1667 principem
568 1596 653 1652 locum
670 1597 802 1653 suffecturi
819 1597 966 1663 abnuerent,
980 1603 1025 1652 111
1039 1599 1090 1652 im-

290 1689 364 1743 pares
381 1673 482 1739 vellent,
501 1673 542 1728 vel
558 1673 625 1729 idem
643 1678 747 1745 possent
766 1679 946 1746 cuperentque,
959 1675 997 1730 M.
1010 1675 1091 1746 Lepi-

291 1749 353 1805 dum
373 1750 471 1806 dixerat
492 1770 608 1823 capacem
629 1752 675 1807 sed
695 1757 881 1825 aspernantem,
904 1753 1004 1809 Gallum
1028 1754 1091 1809 Asi-

291 1828 363 1882 nium
374 1827 475 1883 avidum
491 1832 517 1883 et
532 1828 664 1895 minorem,
676 1830 708 1884 L.
721 1830 874 1885 Arruntium
887 1848 939 1884 non
953 1829 1092 1901 indignum

271 1908 326 1970 tet,
340 1905 363 1960 si
378 1922 451 1960 casus
468 1905 579 1972 (1111111,
595 1926 725 1961 ausurum.
762 1907 803 1962 De
819 1907 946 1978 prioribus
962 1909 1092 1963 consenti-
1140 1963 1141 1968 ,

292 1986 343 2047 tur,
356 2000 402 2054 pro
418 1983 541 2039 Arruntio
557 1983 660 2054 quidam
676 1984 724 2039 On.
737 1984 857 2039 Pisonem
872 1983 1016 2050 tradiderc3
1034 2002 1092 2039 om·
1140 1985 1141 2044 ἑ

292 2078 394 2131 aesque,
405 2063 496 2131 praeter
507 2060 641 2132 Lepidum,
652 2061 727 2116 variis
739 2079 799 2116 mor
808 2061 962 2126 criminibus,
971 2065 1092 2119 struente
1140 2057 1141 2076 ³

270 2136 400 2203 subarro,
419 2138 585 2193 circumventi
601 2141 669 2193 sunt.
705 2138 791 2192 Etiam
808 2138 842 2198 Q.
855 2138 979 2193 Haterius
991 2142 1018 2193 et
1031 2140 1092 2193 Ma·
1140 2143 1141 2220 1

293 2233 393 2270 merens
413 2215 522 2271 Scaurus
540 2216 696 2287 suspicacem
714 2215 825 2270 animum
842 2215 1020 2286 perstrinxere,
1034 2216 1091 2270 Ha.
1140 2223 1142 2306 ἶ

293 2293 373 2347 terius
398 2310 456 2359 cum
475 2292 589 2358 dixisset,
609 2298 625 2321 “
633 2293 774 2364 Quousque
794 2294 906 2364 patieris,
925 2292 1018 2358 Caesar,
1036 2311 1093 2349 non
1140 2323 1141 2326 ¹

293 2370 381 2426 adesse
393 2374 469 2441 caput
481 2370 518 2426 rei
529 2370 636 2443 publicae
644 2372 682 2437 P'’,
702 2371 812 2427 Scaurus
825 2371 884 2441 qnia
901 2370 999 2425 dnerat
1017 2389 1093 2441 spem

293 2467 348 2503 esse
360 2466 393 2503 cx
404 2466 434 2503 eo
442 2466 495 2503 non
506 2449 591 2505 irritas
607 2448 662 2503 fore
674 2451 778 2503 senatus
787 2466 882 2518 preces,
893 2446 961 2519 quod
972 2447 1094 2505 relationi

293 2525 425 2581 consulum
450 2526 507 2597 jure
530 2526 673 2581 tribunicia
698 2525 834 2597 potestatis
857 2543 909 2579 non
931 2524 1094 2580 intercessis—
1140 2517 1142 2596 i

271 2607 341 2658 6111.
376 2602 410 2657 Iu
425 2603 561 2659 Haterium
578 2603 669 2658 statim
684 2603 801 2658 invectus
815 2606 873 2657 est:
900 2602 1031 2667 Somnum,
1047 2604 1094 2659 cui

272 2680 474 2752 oimplaoabilius
500 2680 664 2745 irascebatur,
689 2680 790 2735 silentio
817 2679 937 2735 tramisit.
984 2679 1093 2735 Fessus·

294 2777 343 2829 que
355 2758 462 2813 clamore
480 2758 599 2822 omnium,
618 2758 821 2829 expostulatione
839 2757 998 2828 singulorum
1015 2758 1090 2813 flexit

295 2835 424 2905 paulatim,
437 2855 489 2890 non
501 2840 530 2890 ut
542 2836 667 2889 fateretur
676 2836 771 2905 suscipi
782 2854 797 2889 1
808 2854 836 2890 se
847 2834 988 2905 imperium,
1003 2834 1048 2888 sed
1060 2839 1094 2890 ut
1140 2841 1142 2864 '

272 2925 387 2985 tnegare
408 2917 435 2969 et
456 2913 542 2983 rogari
564 2912 699 2967 desineret.
737 2912 846 2967 Constat
869 2912 1013 2977 Haterium,
1032 2929 1094 2968 oum
