2550 3500
125 250 589 277 -—---

295 377 355 427 als.
628 374 747 423 TACITI
893 395 896 403 ·
1152 392 1153 405 π

926 434 1087 487 [nuesra

296 487 357 542 dnm
375 487 446 554 vixit,
461 486 603 543 severitatis
613 486 689 551 fama,
702 486 826 557 supremis
843 486 989 541 testamenti
1000 484 1089 541 verbis
1152 534 1153 557 ἱ

298 563 440 619 ambitionis
458 564 623 618 manifestus:
648 562 740 635 quippe
751 562 832 618 multa
846 562 874 617 in
886 562 1016 617 Neronem
1025 560 1089 615 adu·

297 640 391 695 latione
414 640 510 695 addidit
533 640 707 711 subjecturum
732 640 756 695 ei
779 639 933 711 provinciam
952 638 1040 703 fuisse,
1063 637 1088 692 si

276 716 398 772 2biennio
409 717 524 788 proximo
534 716 648 771 mxmset.
684 716 802 772 Sedtum
812 716 934 771 Paulinus
947 714 1087 770 Suetonius
1152 748 1153 767 ;

297 793 427 849 obtinebat
438 794 587 860 Britannos;
605 792 712 848 scientia
721 793 818 849 militiae
829 796 856 847 et
870 810 970 847 rumore
987 790 1086 863 populi,
1152 856 1153 871 χ

298 870 342 941 qui
353 870 479 925 neminem
490 870 544 925 sine
561 870 651 925 aemulo
668 869 737 937 sinit,
750 869 900 925 Corbulonis
917 872 1088 933 concertator,

297 952 455 1018 receptaque
473 946 600 1002 Armenia
616 946 695 1002 decus
715 965 814 1018 aequare
832 945 933 1001 domitis
950 944 1089 1016 perduelli·

275 1023 346 1082 abus
357 1024 468 1094 cupiens.
496 1023 584 1094 Igitur
594 1023 700 1078 Monam
711 1023 826 1092 insulam,
837 1023 926 1079 incolis
937 1020 1046 1077 validam
1058 1024 1086 1076 et

298 1099 485 1170 receptaculum
501 1100 672 1171 perfugarm
685 1099 789 1171 aggredi
806 1103 886 1171 perat,
903 1116 1031 1169 navesque
1047 1098 1086 1152 fa-

275 1175 411 1235 sbricatur
427 1176 503 1247 plano
518 1176 589 1230 alveo
606 1175 725 1231 adversus
742 1176 819 1231 breve
836 1180 863 1231 ct
874 1176 1006 1231 incertum.
1042 1174 1086 1229 Sic

297 1252 390 1325 pedes:
414 1253 512 1323 equites
529 1251 593 1307 uado
610 1252 698 1318 secuti,
718 1256 770 1319 aut,
787 1252 889 1307 altiores
908 1252 975 1306 inter
993 1250 1084 1317 undas,

253 1328 420 1392 aoadnantes
443 1329 513 1400 equis
533 1328 671 1383 tramisere.
708 1328 796 1383 Stabat
819 1346 865 1400 pro
888 1328 962 1383 litore
985 1327 1086 1383 diuersa

299 1406 373 1471 acies,
386 1404 464 1461 densa
474 1405 550 1459 armis
567 1405 684 1476 virisque,
700 1404 925 1460 intercursantibus
942 1404 1043 1459 feminis
1058 1404 1086 1458 in

299 1482 402 1538 modum
417 1482 551 1537 Furiarum
568 1485 640 1537 veste
656 1481 735 1547 ferali,
752 1481 863 1537 crinibus
880 1481 999 1551 dejectis;
1017 1481 1086 1535 faces

275 1558 473 1632 spraeierebant.
508 1558 662 1629 Druidaeque
685 1558 785 1626 circum,
797 1576 883 1629 preces
900 1557 966 1613 diras
979 1556 1085 1613 sublatis

300 1636 333 1691 ad
352 1636 440 1691 caelum
460 1634 574 1689 manibus
592 1634 735 1700 fundentes,
754 1635 867 1690 novitate
890 1638 1007 1705 aspectus
1030 1652 1086 1705 per-

300 1713 384 1770 culere
395 1712 508 1778 militem,
520 1716 551 1767 ut
568 1712 640 1784 quasi
655 1712 808 1768 beientibus
825 1711 943 1768 membris
959 1711 1085 1768 immobile

276 1799 391 1862 scorpus
414 1789 558 1845 vulneribus
586 1789 735 1861 praeberent.
777 1790 845 1844 Dein
871 1789 1085 1846 cohortationibus

301 1867 380 1935 ducis
392 1870 419 1922 et
434 1885 462 1920 se
477 1865 526 1936 ipsi
542 1866 709 1932 stimulantes,
723 1885 755 1921 ne
770 1866 892 1922 muliebre
907 1871 934 1922 ct
948 1867 1086 1922 fanaticum

301 1962 393 2015 agmen
409 1945 579 2014 pavescerent,
596 1943 709 1998 inferunt
727 1943 800 2014 signa
814 1948 982 2015 sternuntque
999 1944 1086 1999 obvios

277 2026 329 2078 set
340 2020 394 2091 igni
409 2038 456 2074 suo
473 2019 612 2074 involvunt.
647 2019 797 2074 Praesidium
813 2021 920 2092 posthac
940 2021 1087 2092 impositum

302 2097 383 2162 victis,
397 2095 525 2166 excisique
541 2095 592 2150 luci
607 2096 680 2152 savis
696 2097 917 2168 superstitionibus
930 2097 1010 2152 sacri:
1028 2116 1087 2152 nam

302 2192 391 2228 cruore
403 2173 502 2245 captivo
514 2171 612 2228 adolere
623 2192 680 2228 aras
696 2178 722 2229 et
736 2175 863 2230 hominum
876 2174 945 2229 fibris
957 2174 1086 2230 consulem

304 2250 364 2304 deos
387 2249 425 2304 las
448 2249 582 2308 habebant.
616 2249 682 2304 Haec
705 2251 792 2322 agenti
815 2251 935 2306 Suetonio
957 2251 1087 2322 repentina

140 2332 143 2391 ἶ
257 2325 561 2397 31defectioprovinciae
576 2326 715 2382 nuntiatur.
751 2327 809 2382 Rex
823 2327 958 2382 Icenorum
971 2328 1087 2382 Prasuta

135 2706 149 2795 ³!

134 2797 151 2887 ἴΙ

134 2890 153 3051 l

304 2423 360 2472 gos,
372 2403 448 2474 longa
458 2403 588 2474 opulentis
602 2403 691 2468 clarus,
705 2403 830 2459 Caesarem
844 2404 962 2460 heredem
977 2404 1087 2475 duasque

304 2479 367 2534 filies
388 2480 530 2550 scripserat,
547 2479 594 2534 tali
607 2479 727 2550 obsequio
742 2484 814 2536 ratus
831 2499 986 2554 regnumque
1003 2485 1029 2536 et
1047 2481 1087 2536 de

279 2556 716 2630 smumsnamproculinjuriaiore.
753 2557 1087 2624 Quodcontravertitudeo

304 2637 335 2688 ut
355 2651 461 2704 regnum
480 2651 526 2705 per
548 2633 716 2701 centuriones,
737 2633 826 2690 domus
847 2654 892 2708 per
912 2653 997 2691 servos
1020 2635 1087 2690 velut

305 2712 380 2780 capta
398 2713 565 2765 vastarentur.
600 2711 618 2765 J
619 2729 659 2764 am
677 2711 787 2782 primurn
806 2730 871 2767 uxor
889 2712 944 2784 ejus
962 2711 1087 2768 Boudicca

282 2785 450 2843 everberibus
468 2787 564 2855 affecta
576 2792 603 2842 et
614 2787 671 2843 iilis
688 2791 777 2860 stupro
788 2789 887 2846 violatas
898 2792 966 2845 sunt.
999 2789 1087 2844 Praeci-

305 2864 351 2934 pui
366 2863 459 2934 quique
475 2864 616 2930 Icenorum,
629 2865 702 2935 quasi
718 2870 835 2922 cunctam
848 2867 974 2939 regionem
991 2866 1086 2921 muneri
1152 2929 1153 2946 ,

306 2940 469 3011 accepissent,
488 2941 562 2998 avitis
582 2941 654 2998 bonis
675 2946 810 3012 exuuntur,
829 2947 856 3000 ct
873 2941 1006 3016 propinqui
1020 2942 1084 3012 regis
