2550 3500
282 367 315 414 22
615 365 735 414 Tuom

918 427 953 476 [Α.
961 427 988 468 U.
995 428 1016 467 0.
1025 426 1068 469 tat.

281 476 493 549 obtemperavere.
543 477 615 534 Tunc
638 497 655 533 a
675 477 837 534 veneratione
860 478 973 548 Augusti
996 496 1069 532 orsus

279 555 351 610 flexit
363 555 396 610 ad
409 554 526 610 victorias
544 555 736 628 triumphosque
753 555 854 619 Tiberii,
867 555 1000 626 praecipuis
1016 554 1070 608 lau-

280 631 353 687 dibus
370 632 498 688 oelcbrans
516 651 571 704 quae
588 633 656 704 apud
674 633 821 688 Germanias
836 633 885 687 illis
897 651 954 688 cum
967 632 1070 704 legioni·

255 708 507 780 6buspnlcl1errima
522 710 633 765 fecisset.
669 711 752 765 Italis
770 709 829 765 inde
841 728 999 774 consensum,
1013 709 1071 764 Gal-

212 806 217 819 ·
277 785 368 841 liarum
380 787 454 842 fidem
466 788 565 842 extollit
576 807 583 853 ;
601 788 637 843 nil
649 807 758 859 nsquam
765 787 896 842 turbidum
907 791 953 842 aut
965 787 1069 842 discors.

279 864 385 919 Silentio
396 865 451 920 hacc
462 864 503 920 vel
514 884 645 920 murmure
656 866 754 921 modico
766 865 854 920 andita
865 870 933 919 sunt.

231 945 268 1000 ³5
313 942 351 996 Ut
364 941 512 997 seditionem
527 943 622 1015 attigit,
635 943 681 998 ubi
696 943 821 998 modestia
836 942 961 1006 militaris,
973 941 1018 996 ubi
1029 960 1071 997 ve

277 1020 340 1074 teris
352 1019 488 1091 disciplinae
498 1020 582 1086 decus,
594 1039 702 1092 quonam
714 1021 838 1084 tribunos,
849 1039 899 1091 quo
911 1020 1071 1075 centuriones

278 1099 429 1169 exegissent,
443 1099 565 1171 rogitans,
578 1099 676 1154 nudant
687 1100 798 1154 universi
815 1117 927 1170 corpora,
941 1098 1072 1153 cicatrices

278 1194 311 1231 ex
322 1176 476 1242 vulneribus,
495 1177 627 1232 verberum
642 1183 716 1232 notas
733 1177 886 1248 exprobrant
898 1197 905 1241 ;
922 1194 982 1230 mox
995 1175 1072 1230 indis

278 1255 354 1309 cretis
375 1254 479 1310 vocibus
500 1255 582 1326 pretia
602 1256 770 1319 vacationum,
792 1254 923 1326 augustias
944 1253 1071 1324 stipendii,

278 1330 397 1386 duritiam
407 1350 518 1403 operum,
530 1351 559 1387 sc
568 1333 676 1404 propriis
686 1331 830 1386 nominibus
839 1333 958 1386 incusant
970 1330 1071 1396 vellum,

278 1409 370 1474 fossam
381 1409 474 1480 pabuli,
482 1410 601 1474 materiae,
610 1410 737 1481 lignorum
751 1413 888 1481 aggestum
900 1408 955 1464 etsi
965 1427 1016 1479 qua
1024 1407 1073 1463 alia

278 1505 311 1542 ex
328 1489 480 1544 necessitate
498 1494 543 1544 aut
556 1488 683 1550 ¹adversus
701 1488 782 1543 otium
800 1492 941 1542 castrorum
956 1505 1073 1558 querun-

255 1567 330 1640 2tur.
365 1566 547 1621 Atrocissimns
565 1571 742 1622 veteranorum
760 1565 855 1620 clamor
872 1564 1009 1629 oriebatur,
1028 1564 1073 1635 qui

278 1642 376 1698 tricena
401 1647 446 1698 aut
473 1661 550 1714 supra
576 1644 702 1714 stipendia
728 1646 898 1707 numerantes,
928 1641 1073 1696 mederetur

279 1720 368 1788 fessis3
388 1739 439 1777 neu
456 1725 562 1777 mortem
574 1721 601 1776 in
612 1720 692 1777 isdem
709 1719 837 1777 laboribus
848 1739 855 1786 ;
873 1721 918 1775 sed
932 1719 1008 1775 finem
1019 1723 1074 1775 tam

256 1800 396 1857 texercitae
405 1798 501 1854 militiae
509 1818 591 1871 neque
600 1800 701 1871 inopem
710 1799 831 1870 requiem,
842 1798 954 1853 orabant.
990 1798 1074 1852 Fuere

279 1876 356 1931 etiam
374 1877 418 1947 qui
435 1876 545 1948 legatam
562 1895 578 1931 a
595 1876 654 1932 divo
671 1878 791 1948 Augusto
809 1876 941 1947 pecuniam
958 1893 1074 1945 reposce·

279 1957 344 2019 rent,
358 1953 449 2009 faustis
466 1955 494 2009 iu
510 1954 688 2009 Germanicum
704 1953 830 2007 ominibus
838 1976 845 2019 ;
864 1958 891 2007 et
906 1953 929 2007 si
940 1952 1016 2007 vellet
1028 1953 1074 2007 im-

255 2031 385 2102 aperium,
401 2036 532 2102 promptos
549 2036 718 2086 ostentavere.
754 2031 820 2085 Turn
834 2048 902 2095 vero,
925 2030 996 2100 quasi
1017 2048 1070 2084 sae-

280 2107 331 2163 lcre
344 2108 564 2175 contaminaretur,
577 2127 689 2180 preceps
705 2107 827 2163 tribunali
844 2106 954 2162 desiluit,
990 2107 1075 2178 Oppo

256 2192 386 2244 caueant
399 2186 503 2241 abeunti
517 2205 593 2252 arma,
608 2186 766 2252 minitantes,
777 2186 805 2240 ni
815 2184 1001 2256 regrederetur.
1037 2186 1075 2239 At

279 2262 322 2318 ille
341 2264 492 2318 moriturum
511 2264 597 2335 potius
618 2282 695 2335 quam
711 2262 788 2317 fidem
809 2267 914 2317 exueret
934 2261 1074 2326 clamitans,

279 2341 376 2397 ferrum
387 2361 403 2397 a
413 2342 492 2398 latere
504 2341 623 2414 deripuit,
634 2343 780 2412 elatumque
796 2340 926 2395 deferebat
934 2340 963 2395 in
976 2345 1075 2411 pectus,
1136 2409 1137 2412 Ἴ

256 2426 272 2474 6
280 2420 307 2474 ni
318 2420 426 2491 proximi
440 2438 557 2491 premam
576 2419 691 2475 dextram
707 2419 734 2474 vi
746 2418 918 2473 attinuisseut.
954 2417 1077 2473 Extrema

280 2501 307 2552 ct
325 2496 475 2569 conglobata
491 2498 559 2553 inter
576 2516 604 2552 se
621 2516 681 2568 pars
699 2495 834 2559 concionis,
848 2513 884 2559 ac,
898 2494 942 2549 vix
957 2494 1076 2549 credibile

280 2574 359 2641 dictu,
373 2575 475 2646 quidam
492 2574 586 2647 singuli
597 2574 701 2645 propius
719 2572 873 2637 incedentes,
886 2572 974 2627 feriret
991 2572 1077 2627 horta-

280 2651 388 2719 bantur3
416 2656 442 2707 et
462 2652 535 2707 miles
555 2652 657 2707 nomine
678 2649 822 2705 Calusidius
843 2650 962 2704 strictum
982 2648 1077 2704 obtulit

257 2729 399 2802 tgladium
424 2729 511 2785 addito
535 2730 674 2784 acutiorem
698 2746 761 2784 esse.
799 2728 900 2783 Serum
919 2726 947 2782 id
967 2726 1077 2798 malique
1136 2771 1137 2774 ,

280 2808 357 2863 moris
378 2808 454 2863 etiam
475 2807 620 2862 furentibus
641 2807 743 2872 visum3
770 2823 799 2860 ac
820 2805 931 2876 spatium
951 2803 1002 2859 fuit
1025 2821 1077 2875 quo

281 2885 366 2941 Coesar
377 2884 408 2940 ab
421 2885 506 2940 amicis
519 2886 547 2939 in
559 2883 750 2938 tabernaculum
761 2887 901 2953 raperetur.

233 2963 271 3020 ³6
315 2962 498 3019 Consultatum
521 2960 609 3017 ibide
632 2960 752 3015 remedio.
787 2960 892 3017 Etenim
911 2956 1077 3015 nuntiabatur
