2550 3500
286 350 332 397 152
625 347 745 397 TACITI

862 408 897 457 [u.
907 408 935 447 u,
942 408 965 446 o,
973 406 1017 454 rra,
1027 406 1074 449 rra

284 461 370 515 tamen
387 458 441 517 sine
456 478 506 515 usu
524 458 602 515 inerit
619 458 784 530 introspicere
799 456 849 523 illu
869 457 950 528 primo
966 464 1078 527 aspectu
1144 497 1145 546 p

284 534 355 605 levia,
368 554 401 591 ex
418 537 476 608 quis
494 555 642 608 magnarum
659 554 726 607 smpe
743 554 828 591 rerum
845 539 930 589 motus
945 534 1076 589 oriuntur.

239 608 353 669 ddNam
370 617 474 669 cunctus
491 614 606 669 nationes
624 616 651 668 et
668 613 744 669 urbes
760 611 869 685 populus
886 615 932 666 sut
948 610 1076 683 primores

284 694 329 745 aut
341 689 433 761 singuli
444 694 553 763 regunt:
573 689 671 747 delecta
679 709 711 745 ex
722 690 754 745 iis
766 695 793 745 et
805 688 949 744 consociata
960 688 998 743 rei
1008 687 1076 758 pub·

284 766 338 823 lica
355 767 436 827 forma
450 767 548 823 laudnt
565 767 664 823 facilius
675 786 751 839 quam
762 766 871 831 evenire,
883 765 931 833 vel,
943 765 966 821 si
977 765 1074 830 evenit,

263 842 353 899 2haud
363 844 483 903 diuturna
493 863 549 901 esse
560 849 652 917 potest.
688 845 781 917 Igitur,
791 850 821 898 nt
833 843 892 898 olim
901 842 973 914 plebe
979 841 1074 907 vulidu,

283 921 324 977 vel
347 940 405 977 enm
428 926 513 994 patres
536 922 667 994 pollerent,
687 920 814 977 noscendo
836 920 908 991 rugi
929 923 1023 973 nutura
1043 922 1074 974 et

284 998 375 1071 quibus
398 999 479 1055 modis
502 1004 673 1071 temperanter
697 998 841 1062 haberetur,
866 1001 1020 1067 senatusque
1044 1001 1075 1051 et

283 1072 1075 1227 ttitttmfflitptlnttttdltffl

284 1234 361 1297 stetu,
379 1250 461 1303 neque
478 1232 527 1289 adiu
542 1251 570 1287 re
587 1232 703 1289 Romana
719 1248 795 1302 qnam
812 1229 834 1284 si
847 1247 915 1283 nnus
932 1227 1072 1299 imperitet,
1144 1227 1145 1300 t

283 1307 337 1363 hmo
354 1308 469 1380 conquiri
485 1308 600 1381 tradique
620 1308 648 1363 in
664 1327 719 1362 rem
735 1307 820 1372 tuerit,
840 1306 900 1377 qnia
916 1305 990 1376 pauci
1010 1323 1075 1376 pru-
1144 1303 1145 1308 ’

283 1384 369 1443 dentia
383 1384 490 1441 honesta
507 1386 538 1442 ab
554 1385 728 1449 deterioribus,
740 1384 815 1439 utilio
829 1382 861 1439 ab
876 1383 959 1439 noxiis
977 1381 1073 1438 discer-

261 1466 355 1528 tnunt,
377 1462 462 1535 plures
485 1462 590 1519 eliorum
611 1463 709 1517 eventis
730 1461 860 1517 docentur.
896 1460 1017 1516 Ceterum
1038 1463 1072 1515 ut

282 1539 423 1611 protutura,
444 1540 482 1596 ita
503 1540 635 1597 minimum
652 1538 828 1595 oblectationis
846 1538 963 1593 afferunt.
999 1537 1073 1593 Nam

282 1617 347 1673 situs
360 1615 624 1689 gentium,'rarietates
636 1616 788 1689 proeliorum,
797 1615 858 1671 clari
869 1614 963 1669 ducum
974 1614 1071 1680 exitus,

283 1694 392 1750 retinent
410 1713 439 1752 ec
453 1694 625 1767 redintegrant
641 1694 780 1766 legentium
793 1692 921 1748 smmum:
939 1710 986 1746 nos
1001 1709 1073 1749 smus

278 1771 357 1842 jussu,
375 1773 506 1828 continuas
522 1771 701 1836 accusationes,
720 1771 820 1826 fallaces
838 1769 968 1836 amicitias,
986 1771 1073 1840 perui·

281 1848 345 1904 ciem
356 1848 528 1906 innocentium
540 1852 566 1904 et
582 1847 684 1904 easdem
697 1848 769 1904 exitu
780 1866 869 1903 uersas
880 1847 1070 1920 conjungimus,

259 1925 355 1992 §obvia
365 1943 450 1982 rerum
464 1925 627 1981 similitudine
639 1929 667 1980 et
683 1925 808 1980 satietate.
844 1925 910 1980 ium
922 1923 990 1996 quod
1003 1926 1071 1980 anti-

280 2002 336 2074 quis
348 2003 514 2075 scriptoribus
531 2021 603 2058 rurus
621 2002 785 2070 obtrectator,
797 2020 879 2074 neque
893 2001 972 2057 refert
983 2001 1070 2073 cujus-

279 2099 362 2151 quam,
381 2080 491 2136 Punicas
510 2080 670 2136 Romanaave
685 2080 752 2138 acies
772 2079 855 2135 laetius
876 2078 1014 2134 extuleris:
1041 2088 1070 2135 at

278 2157 416 2216 multorum
434 2159 478 2230 qui
489 2157 590 2213 'liberio
601 2161 706 2228 regente
718 2175 818 2228 poenam
830 2156 870 2212 vel
881 2156 997 2212 infamias
1008 2157 1070 2212 snb·

256 2233 337 2301 tiore,
358 2235 455 2308 posteri
475 2239 586 2292 manent.
628 2235 718 2306 thue
741 2234 842 2290 tundite
866 2234 928 2306 ipsae
947 2233 1000 2306 jam
1024 2253 1068 2290 ex-

277 2311 365 2370 tincta
390 2313 450 2379 sint,
474 2313 584 2386 reperies
614 2312 659 2384 qui
685 2311 718 2368 ob
747 2310 939 2368 similitudinem
967 2329 1069 2367 morum
1143 2326 1144 2331 ’

254 2388 359 2446 taliena
369 2390 502 2448 malefacta
515 2390 564 2446 sibi
575 2389 699 2462 objectari
710 2393 810 2462 putent.
846 2389 931 2444 Etiam
943 2388 1025 2460 gloria
1036 2407 1068 2444 ac

277 2466 358 2523 virtus
377 2467 489 2526 intensos
507 2468 592 2534 hebet,
609 2471 639 2522 ut
660 2467 735 2523 nimis
753 2485 787 2523 er
804 2466 946 2539 propinquo
967 2465 1070 2522 diuersa

233 2619 271 2673 84
277 2545 634 2690 arglitiildeliosildsid,ldiiiiid
639 2544 755 2692 Aregriporpa
762 2619 909 2676 consulibus
919 2620 1069 2676 Cremutius

209 2699 270 2783 *pff
279 2697 377 2755 Cordus
389 2698 540 2768 postulatur,
553 2715 619 2752 novo
631 2715 661 2752 ac
669 2697 848 2768 tunoprimum
856 2697 944 2752 audito
952 2697 1068 2764 crimine,

213 2799 236 2832 a
246 2799 265 2835 u,
279 2775 347 2847 quod
358 2774 433 2830 editis
445 2773 576 2830 annalibus
588 2773 741 2846 laudatoque
752 2774 792 2829 M.
804 2775 887 2830 Bruto
903 2774 933 2828 Ο.
947 2774 1069 2830 Cassium

227 2840 271 2941 002
279 2855 441 2910 Muccurum
456 2853 567 2906 ultimum
581 2849 695 2906 dixisset.
730 2851 894 2907 Accusabant
907 2851 1009 2906 Satrius
1021 2851 1068 2907 Se-

278 2929 375 2986 cundus
393 2932 420 2985 et
437 2927 555 2984 Pinarius
570 2926 661 2994 Natta,
678 2927 763 3000 Sejani
781 2928 894 2984 clientes.
930 2927 964 2983 Id
981 2930 1068 3000 perui·
