2550 3500
324 757 356 817 O.
392 757 651 818 CORNELII
691 760 876 821 TAOITI

352 916 399 969 AB
417 915 571 970 EXOESSU
588 916 671 970 DIVI
690 917 841 971 AUGUSTI

217 1063 962 1156 ANNALIUM

461 1242 569 1296 LIBER
586 1241 730 1297 PRIMUS.

520 1410 665 1427 ww

234 1505 339 1558 Uasnn
355 1505 464 1558 Romam
478 1522 495 1558 a
508 1505 638 1575 principio
655 1524 728 1574 reges
745 1503 866 1559 habuero.
902 1498 1012 1559 hibor-l

198 1587 283 1635 tatem
301 1587 329 1634 et
345 1581 508 1636 consulatum
525 1581 553 1634 Il.
565 1583 665 1636 Brutus
680 1584 804 1636 instituit.
840 1581 986 1637 Dictaturae

198 1659 233 1712 ad
245 1665 351 1728 tempus
364 1658 541 1711 sumebantur.
577 1659 669 1729 Neque
681 1659 859 1713 decemviralis
872 1663 1011 1728 potestas

198 1737 271 1790 ultra
284 1735 426 1804 biennium,
438 1754 522 1805 neque
540 1736 706 1791 tribunorum
721 1737 837 1790 militum
853 1737 987 1791 consulare

194 1813 240 1884 jus
256 1815 305 1867 diu
321 1814 414 1866 valuit.
450 1814 512 1866 Non
528 1813 627 1881 Cinnae,
639 1833 692 1868 non
710 1814 790 1868 Sullae
808 1815 888 1882 longa
905 1816 1012 1868 domi-8

196 1892 272 1944 natio
279 1911 286 1955 ;
304 1896 332 1944 et
345 1891 463 1959 Pompeii
475 1890 609 1960 Crassique
621 1892 739 1961 potentia
751 1892 803 1945 cito
814 1892 843 1945 in
852 1891 986 1959 Oaesarem,

197 1968 294 2038 Lepidi
306 1974 386 2037 atque
401 1969 511 2021 Antonii
526 1986 599 2022 arma
615 1970 644 2021 in
661 1972 813 2038 Augustum
824 1987 928 2036 cessere,
940 1970 987 2039 qui

198 2052 304 2109 cuncta,
315 2046 449 2098 discordiis
458 2045 578 2098 civilibus
587 2046 662 2111 fessa,
672 2047 776 2099 nomine
786 2046 927 2115 Principia
938 2047 987 2099 sub

196 2124 341 2192 imperium
353 2123 462 2191 accepit.
499 2121 550 2175 Sed
565 2125 661 2175 veteris
677 2124 768 2192 populi
787 2123 898 2176 Romani
915 2127 1012 2193 pros-4

145 2208 146 2263 j
196 2200 323 2268 peravel
339 2200 447 2253 adversa
466 2198 541 2251 claris
563 2199 730 2269 scriptoribus
747 2205 889 2253 memorata
906 2199 986 2266 surit;

196 2277 413 2345 temporibusque
433 2276 548 2343 Augusti
567 2276 684 2331 dicendis
702 2295 756 2329 non
774 2277 880 2330 defuere
894 2278 987 2331 decora

196 2354 314 2422 ingenia,
338 2354 420 2406 donec
450 2352 578 2421 gliscente
607 2354 758 2407 adulatione
787 2354 985 2407 deterrerentur.

196 2431 298 2484 riberii
311 2431 418 2500 Oaiique
429 2435 456 2483 et
469 2430 572 2483 Claudii
591 2448 621 2484 ac
639 2432 749 2485 Neronis
766 2449 814 2495 res,
833 2431 1009 2485 florentibust

195 2508 270 2577 ipsis,
281 2506 313 2560 ob
320 2513 421 2560 metum
433 2508 505 2560 falses
513 2526 520 2572 ;
529 2513 668 2577 postquam
677 2508 831 2574 occiderant,
837 2508 986 2561 recentibus

196 2586 266 2639 odiis
279 2586 427 2653 compositae
440 2590 509 2637 sunt.
546 2586 763 2639 Inde'consilium
773 2586 840 2637 mihi
855 2602 940 2654 pauca
953 2586 1010 2639 det

195 2664 321 2731 Augusto
333 2668 359 2715 et
372 2668 490 2715 extrema
501 2662 610 2729 tradere,
622 2680 685 2715 mox
697 2662 794 2715 'liberii
808 2663 986 2731 principatum

195 2745 223 2791 et
242 2745 339 2807 cetera,
360 2740 416 2793 sinc
434 2740 474 2793 ira
494 2746 521 2793 et
542 2740 636 2807 studio,
654 2757 766 2809 quorum
786 2756 876 2793 causas
894 2740 986 2808 procul

195 2815 289 2869 habeo.

230 2894 378 2962 Postquam
394 2894 477 2947 Bruto
495 2898 522 2947 et
539 2892 626 2947 (laesio
643 2895 716 2947 caesis
727 2893 803 2946 nullu
811 2894 867 2961 jam
879 2889 1012 2961 publica2

196 2986 277 3037 arma,
296 2970 437 3040 Pompeius
459 2972 530 3041 apud
551 2971 669 3025 Siciliam
690 2988 835 3039 oppressus,
853 2974 985 3035 exutoque

196 3045 453 3116 Lepido‚interfeoto
471 3049 585 3101 Antonio
604 3066 637 3101 ne
655 3047 773 3101 Julianis
787 3045 893 3115 quidem
904 3043 985 3112 purti-

218 3140 278 3179 Ὴῦι,
287 3143 344 3174 wli.
355 3145 374 3175 Χ.
580 3141 596 3176 Β

1082 3107 1133 3219 l
