2550 3500
288 371 335 424 271
622 372 743 420 ΤΑΟΙΤΙ

930 434 1077 475 socam.

288 484 371 550 ruinis,
384 482 551 555 quianullum
563 483 665 549 crimen,
681 502 764 554 neque
773 483 863 555 jubere
934 503 974 539 em
990 485 1078 539 fratris

289 562 372 632 palem
395 560 511 628 audebat,
535 560 634 615 occulta
657 561 777 627 molitur;
796 561 929 632 pararique
951 579 1079 615 venenum

287 638 368 709 jubet,
380 638 496 692 ministro
508 638 621 693 Pollione
633 638 653 692 J
654 638 705 693 ulio
713 639 839 709 pretorio
847 638 958 693 cohortis
966 638 1079 708 tribuno,

290 716 362 787 cujus
374 733 435 770 cura
446 714 602 770 attinebatur
614 715 733 769 damnata
745 715 859 770 veneficii
869 716 971 770 nomine
982 716 1080 771 heus·

267 797 324 857 ru
341 792 421 847 multu
437 792 559 847 scelerum
577 792 652 847 seura
688 792 764 858 Num,
781 796 812 847 nt
826 792 956 863 proximus
972 793 1080 863 quisque

289 870 438 924 Britannico
453 888 535 940 neque
551 869 591 924 ies
608 888 691 941 neque
708 868 783 924 iidem
800 870 872 941 pensi
888 869 1000 935 haberet,
1019 870 1080 925 olim

266 947 418 1017 pprorisum
430 950 492 1001 erat.
529 946 644 1001 Primum
655 965 780 1003 venenum
792 946 824 1001 ab
831 947 892 1017 ipsis
901 946 1079 1001 educatoribus

290 1023 393 1094 accepit,
412 1023 572 1093 tramisitque
589 1024 693 1078 exoluta
708 1024 764 1079 alvo
782 1042 870 1095 panum
888 1023 1006 1088 validum,
1025 1024 1080 1079 sivo

266 1104 518 1171 ptemperamenturn
533 1101 615 1157 inerat
635 1120 669 1156 ne
686 1102 774 1155 statim
791 1101 903 1156 seviret.
938 1100 989 1155 Sed
1006 1102 1079 1155 Nero

289 1177 352 1231 lenti
364 1177 464 1232 sceleris
480 1178 614 1249 impatiens
631 1179 744 1233 minitari
758 1178 869 1247 tribuno,
884 1178 974 1249 jubere
985 1178 1079 1249 snppli-

290 1255 357 1309 oium
381 1256 505 1323 venefioae,
518 1255 592 1326 qnod,
616 1255 677 1310 dum
700 1272 827 1311 rumorem
846 1255 994 1326 respiciunt,
1018 1254 1078 1309 dum

267 1336 380 1402 sperant
401 1332 565 1397 defensiones,
585 1332 749 1388 securitatem
765 1336 931 1387 momentus.
967 1332 1078 1386 Promit·

290 1408 403 1464 tentibus
425 1409 483 1464 dein
505 1413 558 1463 tarn
581 1410 737 1481 praecipitem
755 1427 843 1464 necem
866 1426 943 1479 quarn
965 1409 988 1463 si
1010 1408 1078 1463 ferro

290 1491 434 1557 urgeretur,
461 1486 604 1541 cubiculum
627 1486 734 1541 Caesaris
750 1485 825 1559 juxta
841 1485 992 1555 decoquitur
1008 1486 1079 1541 virus

246 1574 281 1629 16
291 1564 399 1635 coguitis
417 1570 492 1618 antea
502 1564 605 1619 venenis
617 1563 741 1635 rapidum.
776 1563 838 1617 Mos
854 1563 997 1618 habebatur
1011 1564 1079 1635 prin·

291 1640 376 1711 cipum
386 1640 478 1696 liberos
491 1658 548 1695 oum
565 1640 657 1696 ceteris
668 1640 735 1695 idem
750 1641 834 1695 rotatis
844 1640 976 1695 nobilibus
989 1640 1081 1698 seden-

291 1721 330 1772 tes
348 1718 417 1774 vesci
427 1718 455 1772 in
466 1722 570 1790 aspectu
585 1718 790 1790 propinquorum,
803 1718 906 1790 propriu
921 1722 956 1773 et
965 1718 1081 1790 parciore

268 1811 384 1858 2mensa.
420 1795 477 1850 Illic
489 1795 607 1866 epulante
618 1795 772 1861 Britannico,
790 1795 849 1866 quia
865 1795 937 1850 cibus
952 1789 1081 1867 potusque

291 1871 347 1942 ejus
369 1871 459 1926 delecti
476 1889 508 1926 ex
526 1871 649 1926 ministris
662 1876 741 1942 gustu
757 1871 941 1943 explorabatur,
957 1890 992 1926 ne
1006 1874 1081 1927 omit·

292 1949 540 2004 tereturinstitutum
549 1954 593 2004 cut
602 1949 736 2020 utriusque
742 1956 825 2004 morte
833 1949 1081 2020 proderetursuelus,

269 2026 350 2094 3talis
368 2025 440 2081 dolus
457 2030 573 2098 repertus
592 2030 641 2080 est.
675 2026 786 2080 Innoria
802 2026 885 2081 adbuc
901 2044 931 2081 ac
947 2027 1083 2097 pmoalidu

293 2107 319 2158 et
339 2103 418 2159 libata
434 2107 513 2176 gustu
528 2103 599 2175 potio
616 2103 728 2158 traditur
743 2103 908 2169 Britannioo;
927 2102 993 2168 dein,
1008 2108 1081 2174 post-
1141 2152 1142 2157 ,

293 2200 368 2252 quam
385 2181 486 2237 terrore
503 2181 691 2252 aspernabatur,
708 2180 801 2253 frigida
817 2180 845 2234 in
861 2198 928 2251 aqna
941 2180 1082 2235 affunditur

293 2277 425 2324 venenum,
438 2258 506 2330 quod
523 2259 562 2313 ite
575 2262 681 2314 cunctos
699 2259 757 2329 ejus
772 2262 844 2312 artus
858 2257 977 2328 pervasit,
988 2261 1019 2312 nt
1031 2275 1083 2313 vox

269 2335 388 2405 spariter
410 2340 439 2390 et
461 2335 568 2408 spirituo
582 2338 740 2407 raperentur.
774 2334 928 2406 Trepidatur
943 2352 959 2388 a
976 2335 1083 2389 cneum

294 2411 454 2480 sedentibus3
473 2413 609 2484 diffingiunt
626 2412 806 2484 impmdentes.
842 2412 879 2466 At
896 2411 989 2482 qmbus
1006 2412 1085 2466 altior

270 2488 444 2554 5intellectus,
457 2491 580 2545 resistunt
590 2489 666 2544 defixi
674 2494 701 2544 et
709 2489 839 2544 Neronem
850 2489 987 2544 intuentoe.
1022 2488 1082 2553 Ille,

293 2569 323 2620 ut
347 2569 401 2620 erat
418 2566 518 2621 reclinis
536 2571 562 2622 et
580 2567 667 2622 nescio
682 2566 779 2633 smilis,
797 2566 899 2621 solitum
915 2566 953 2620 ite
969 2566 1013 2630 ait,
1035 2584 1085 2636 per

294 2643 444 2697 comitialem
467 2644 591 2710 morbum,
610 2662 661 2715 quo
678 2644 788 2716 primum
806 2644 838 2699 ab
854 2643 962 2698 infmtia
979 2643 1084 2698 ullliota»

293 2724 365 2774 retur
381 2719 551 2789 Britannicus,
568 2725 595 2776 et
612 2721 739 2776 redituros
754 2721 876 2793 paulatim
892 2723 963 2776 merus
980 2739 1085 2775 musna-

267 2808 350 2860 cque.
386 2792 424 2844 At
435 2791 582 2862 Agrippino
599 2791 622 2846 is
639 2809 725 2862 pavor,
744 2811 775 2847 ea
792 2792 962 2848 consternatio
979 2791 1085 2857 mentis,

294 2867 407 2936 quamvis
420 2867 494 2922 vultu
505 2872 669 2939 premeretur,
686 2869 797 2936 emicuit,
809 2873 840 2924 ut
851 2867 955 2940 perinde
965 2867 1085 2939 ignaram

293 2942 371 3000 fusse
383 2943 480 3016 †otque
492 2945 623 3002 Octavium
635 2964 747 3004 sororem
761 2946 904 3003 Britannici
918 2944 1082 3001 constiterit:
