2550 3500
301 380 346 426 las
633 375 753 423 Taum

927 437 962 484 [i.
973 436 999 473 u.
1009 436 1031 475 c.
1041 436 1090 477 rae

297 507 373 561 porro
393 507 448 559 quaa
467 506 551 543 coram
570 488 703 552 habentur,
724 487 766 542 cui
786 505 819 541 ex
837 488 865 540 te
883 504 951 557 opes,
970 486 1092 552 honores,
1147 490 1150 580 q

299 569 357 638 quis
374 566 482 637 plurima
498 565 603 636 jurandi
618 564 758 620 nocendive
773 562 901 635 potentia;
920 581 977 633 qne
995 562 1093 632 Sejano

274 644 377 697 9fuisse
394 661 467 697 nemo
483 642 621 713 negaverit.
657 641 766 697 Abditas
783 640 903 711 principis
915 658 1012 704 sensus,
1025 645 1053 693 ct
1065 639 1093 693 si

299 720 360 791 quid
376 719 500 775 occultius
517 722 598 790 parat,
618 720 750 789 exquirere
767 717 891 781 illicitum,
910 734 1017 786 anceps:
1039 734 1092 770 nec

259 797 354 852 loideo
371 814 512 867 assequare.
548 796 597 861 Ne,
611 812 697 867 patres
713 794 856 865 conscripti,
870 794 988 849 ultimum
1001 793 1092 864 Sejani

298 874 372 939 diem,
386 874 431 929 sed
442 873 551 928 sedecim
563 892 643 927 annos
660 864 845 943 cogitaveritis?
876 871 962 925 Etiam
975 872 1093 925 Satrium

298 958 374 1023 atque
398 950 566 1022 Pomponium
590 950 789 1014 venerabamur3
812 949 910 1004 libertis
934 966 1035 1019 quoque
1058 966 1093 1003 ac

295 1028 447 1101 janitoribus
465 1029 520 1100 ejus
538 1031 669 1082 notescere
688 1045 734 1097 pro
754 1026 888 1097 magnifico
908 1025 1091 1096 accipiebatur.

258 1112 286 1158 ll
299 1106 369 1165 Quid
386 1100 467 1177 er'go?
490 1104 638 1160 indistincta
655 1104 709 1159 hoee
726 1104 840 1158 defensio
857 1109 885 1158 et
904 1102 1029 1173 promisca
1044 1102 1093 1156 da-

298 1183 386 1239 bitur?
404 1184 481 1238 immo
490 1182 568 1253 justis
580 1182 694 1237 terminis
707 1180 841 1235 dividatur.
878 1180 981 1235 Insidiu
995 1180 1022 1235 in
1033 1198 1093 1233 rem

297 1261 430 1331 publicam,
450 1260 554 1315 consilia
571 1259 646 1314 caeclis
665 1258 799 1312 adversum
818 1258 995 1328 imperatorem
1015 1257 1093 1327 puni·

298 1342 388 1393 autur:
407 1338 439 1392 de
451 1337 600 1391 amicitiast
612 1335 699 1389 officiis
710 1334 779 1389 idem
795 1335 852 1388 finis
863 1340 891 1389 et
902 1339 937 1399 te,
951 1334 1044 1399 Caesar,
1061 1338 1093 1389 et

270 1416 343 1470 9nos
356 1414 517 1470 absolverit?
554 1412 705 1467 Constantia
716 1412 845 1476 orationis,
859 1415 886 1465 et
900 1412 960 1482 quia
971 1415 1093 1483 repertus

256 1522 258 1528 ·
297 1497 352 1547 erat
365 1492 409 1563 qui
420 1492 520 1547 efferret
533 1510 589 1561 quae
605 1508 692 1545 omnes
708 1489 792 1543 animo
808 1488 947 1560 agitabant,
959 1507 990 1543 eo
1006 1508 1092 1560 usque

297 1576 403 1639 potuere
415 1573 445 1624 ut
463 1572 622 1624 accusatores
639 1568 703 1637 ejus,
716 1566 809 1621 additis
826 1586 882 1638 quae
898 1572 959 1621 aute
975 1566 1094 1639 delique-

297 1652 362 1712 rant,
376 1647 451 1701 exilio
464 1650 508 1701 aut
520 1650 602 1699 morte
614 1645 791 1699 multarentur.

273 1732 288 1778 2
333 1725 431 1780 Secuta
444 1723 534 1779 dehinc
546 1722 641 1777 rliberii
658 1722 750 1777 litterae
761 1721 789 1776 in
802 1722 859 1776 Sex.
872 1721 1010 1776 Vestilium
1025 1738 1093 1792 prse-

217 1823 225 1839 ⁴
297 1803 398 1866 torium,
413 1819 488 1871 quem
499 1801 586 1854 Druso
601 1800 676 1854 tratri
686 1817 818 1870 percarum
829 1799 857 1854 in
868 1799 999 1854 cohortem
1016 1817 1092 1854 suam

273 1877 470 1934 ttranstulerat.
507 1877 590 1931 Causa
605 1877 750 1932 offensionis
762 1878 871 1932 Vestilio
882 1877 947 1941 fuit,
959 1895 1006 1931 seu
1021 1894 1094 1932 com-

297 1959 416 2026 posuerat
434 1954 548 2025 quedam
565 1954 593 2008 in
610 1954 639 2008 C.
654 1954 779 2008 Caesarem
796 1959 827 2008 ut
844 1954 1008 2024 impudicum,
1035 1954 1095 2008 sive

272 2033 357 2088 elicto
380 2032 467 2087 habita
494 2031 564 2085 fides.
598 2032 686 2101 Atque
710 2031 743 2085 ob
767 2031 794 2085 id
821 2032 940 2086 convictu
967 2031 1094 2101 principis
1148 2028 1150 2037 '

297 2109 447 2181 prohibitus,
483 2125 542 2164 cum
577 2108 650 2163 senili
681 2127 759 2162 manu
793 2108 889 2163 ferrum
926 2108 1092 2173 tentavisset,

297 2187 393 2258 obligat
410 2205 503 2252 venas3
525 2186 694 2256 precatusque
712 2205 758 2256 per
776 2185 910 2250 codicillos,
935 2185 1028 2240 immiti
1050 2201 1095 2238 re·

273 2265 399 2335 ascripto,
433 2281 509 2318 venas
541 2263 654 2317 resolvit.
698 2265 843 2318 Acervatim
872 2281 905 2316 ex
930 2281 961 2316 eo
988 2262 1094 2319 Annius
1148 2268 1149 2271 ’

298 2341 385 2406 Pollio,
405 2342 503 2410 Appius
523 2339 629 2404 Silanus,
649 2340 743 2394 Scauro
759 2339 889 2394 Mamerco
907 2339 983 2393 simul
998 2357 1029 2394 ac
1045 2340 1095 2394 Sa·

297 2417 357 2472 bino
382 2418 498 2483 Calvisio,
524 2417 666 2488 majestatis
692 2417 861 2486 postulantur,
889 2420 916 2471 et
939 2416 1095 2472 Vinicianus

297 2495 406 2550 Pollioni
418 2496 485 2566 patri
497 2494 680 2566 adjiciebatur3
698 2494 760 2549 clari
771 2512 859 2564 genus,
869 2498 896 2549 et
908 2493 1011 2565 quidam
1023 2513 1096 2549 sum-

274 2573 345 2626 6mis
358 2573 503 2628 honoribus.
540 2572 803 2642 Contremuerantque
811 2576 905 2642 patres,
916 2572 984 2640 (nam
994 2577 1095 2642 quotus

298 2650 404 2720 quisque
420 2650 551 2704 affinitatis
570 2653 614 2703 aut
633 2649 749 2704 amicitiae
766 2654 807 2704 tot
822 2649 960 2703 illustrium
977 2649 1096 2706 virorum

298 2745 389 2797 expers
401 2732 455 2782 erat
463 2728 486 2796 Ρ)
506 2727 532 2780 ni
545 2727 634 2780 Celsus
653 2726 754 2781 urbanae
768 2727 879 2780 cohortis
893 2725 1096 2788 tribunus,tun1

297 2804 365 2858 inter
376 2804 478 2870 indices,
489 2803 600 2874 Appium
612 2807 638 2857 et
649 2803 784 2858 Calvisium
798 2803 936 2858 discrimini
945 2805 1095 2861 exemisset.

274 2882 289 2935 7
299 2881 384 2936 Caesar
396 2879 516 2935 Pollionis
529 2899 558 2934 ae
574 2879 701 2935 Viniciani
714 2881 852 2952 Scaurique
869 2899 978 2946 causam,
992 2885 1024 2935 ut
1036 2882 1097 2952 ipso

299 2977 357 3014 cum
369 2962 461 3014 senatu
474 2963 598 3024 nosceret,
611 2958 720 3026 distulit,
732 2959 799 3015 datis
811 2958 962 3030 quibusdam
973 2959 1002 3014 in
1014 2961 1097 3016 Scau·
