2550 3500
170 443 188 478 A
207 437 254 478 Μ
381 373 577 423 ANNALIUM
595 373 632 422 11.
650 375 752 423 ee-os.
929 376 957 422 st

168 497 248 559 atque
256 437 356 552 bdores,
369 503 482 557 quasque
493 486 577 557 copias
589 486 709 542 frumenti
721 489 748 540 et
765 483 876 540 omnium
887 457 960 540 uteu-

167 567 255 622 silium
276 582 382 636 quaeque
401 565 471 619 natio
491 563 620 635 penderet,
634 562 703 619 haud
722 564 805 618 minus
827 564 961 634 magnifica

167 662 246 716 quam
266 660 334 697 nunc
356 642 383 697 vi
405 642 558 698 Parthorum
581 646 626 697 aut
648 642 763 713 potentie
785 641 901 696 Romana
920 641 960 713 ju·

166 721 270 777 bentur.
307 719 428 774 Ceterum
452 719 614 774 Germanicus
638 719 693 774 eliis
716 735 816 790 quoque
833 718 959 774 miraculis
967 717 1002 773 61

166 796 279 853 intendit
299 797 419 861 enimam,
444 813 552 866 quorum
572 796 699 868 praecipua
720 797 792 851 fuere
814 795 969 850 Memnonis

166 893 245 930 saxea
261 873 362 945 effigies,
380 873 425 928 ubi
439 873 517 928 radiis
532 874 591 929 solis
609 875 661 929 icta
678 877 725 939 est,
742 874 854 929 vocalem
870 893 960 929 sonum

166 951 277 1008 reddens
284 973 292 1018 ;
311 950 480 1022 disjectasque
492 951 559 1006 inter
572 954 599 1006 et
610 951 654 1006 vix
665 951 764 1022 pervias
776 969 864 1007 areum
880 953 961 1006 instar

166 1029 294 1084 montium
306 1027 404 1084 eductae
415 1027 556 1099 pyramides
568 1028 704 1083 certamine
716 1033 742 1082 et
753 1028 843 1100 opibus
855 1047 958 1099 regum3

167 1106 290 1176 lacusque
308 1104 400 1159 effossa
414 1104 499 1170 humo,
518 1105 697 1176 superfluentis
715 1105 770 1160 Nili
786 1105 958 1176 receptaoulc;

168 1187 246 1254 atque
258 1181 318 1236 alibi
329 1181 453 1252 angustiae
470 1188 497 1238 et
513 1181 639 1253 profunda
655 1182 772 1248 altitudo,
787 1183 863 1238 nullis
878 1184 959 1254 inqui-

168 1261 281 1316 rentium
302 1260 390 1330 spetiis
413 1259 582 1331 penetrabilis.
617 1259 686 1316 lein
707 1265 813 1316 ventum
836 1261 982 1333 Elephan-2

169 1338 242 1392 tinen
262 1355 292 1392 ac
310 1337 416 1408 Syenen,
436 1336 547 1392 claustra
563 1337 623 1392 olim
637 1337 747 1393 Romani
766 1338 871 1410 imperii,
892 1337 959 1410 quod

169 1433 238 1470 nuno
255 1413 360 1469 rubrum
372 1413 404 1468 ad
415 1432 484 1470 msto
495 1415 610 1484 patescit.

203 1493 276 1546 Dum
288 1509 318 1546 ea
329 1494 403 1546 estas
416 1491 564 1546 Gemanioo
576 1491 662 1562 plures
673 1509 719 1563 per
735 1491 876 1563 provincias
892 1495 959 1546 tran·
967 1493 1004 1550 62

170 1569 272 1642 sigitur,
286 1567 354 1624 haud
364 1567 419 1623 leve
435 1567 512 1624 decus
530 1569 630 1623 Drusus
648 1568 764 1640 quesivit
779 1568 884 1624 illiciens
899 1570 959 1623 Ger-

170 1665 258 1702 manos
270 1645 303 1700 ad
315 1644 459 1711 discordias,
467 1651 547 1718 utque
555 1646 637 1702 fracto
648 1646 701 1718 jam
709 1645 867 1702 Maroboduo
878 1664 960 1717 usque

170 1724 198 1779 in
222 1723 330 1781 exitium
353 1722 521 1779 insisteretur.
557 1723 712 1788 uratginter
736 1725 848 1780 Gotones
867 1723 981 1779 nobilis2

168 1802 269 1874 juvenis
280 1802 381 1857 nomine
397 1801 527 1867 Catualda
543 1804 667 1875 profugus
681 1803 740 1857 olim
754 1803 781 1858 vi
798 1802 957 1868 Marobodui,

171 1884 198 1935 et
218 1883 281 1933 tunc
302 1877 384 1933 dubiis
403 1878 479 1933 rebus
499 1881 554 1951 ejus
572 1880 695 1935 ultionem
712 1898 797 1935 ausus.
833 1880 862 1935 Is
877 1879 981 1935 validat

170 1975 248 2011 manu
265 1956 328 2011 lines
352 1956 589 2011 Marcomannorum
609 1958 758 2029 ingreditur,
784 1958 959 2028 corruptisque

170 2032 324 2106 primoribus
336 2031 369 2087 ad
381 2033 526 2088 societatem
538 2033 656 2105 irrumpit
667 2035 770 2106 regiam,
779 2034 959 2105 castellumque

169 2112 245 2184 juxta
256 2110 341 2165 situm.
380 2112 485 2167 Veteres
498 2110 549 2167 illic
562 2112 703 2166 Suevcrum
713 2111 812 2183 prede,
825 2115 851 2166 et
865 2112 983 2166 nostrist

171 2208 184 2243 e
197 2188 333 2260 provinciis
345 2187 402 2243 brae
414 2206 444 2243 ac
454 2188 626 2260 negotiatores
641 2189 743 2260 reperti,
763 2206 826 2260 quos
839 2188 882 2260 jus
894 2206 959 2243 oom-

171 2265 266 2330 mercii,
280 2263 339 2319 dein
354 2265 445 2336 cupido
462 2265 572 2335 suendi
587 2267 726 2337 pecuniam,
743 2272 900 2338 postremum
917 2265 959 2321 ob·

170 2343 231 2399 livio
242 2342 331 2413 patrie
343 2342 395 2397 suis
408 2360 532 2414 quemque
544 2342 575 2399 ab
587 2342 690 2399 sedibus
701 2343 820 2398 hostilem
831 2343 859 2397 in
870 2360 960 2415 agnum

171 2418 345 2475 transtulerat.
379 2419 539 2475 Maroboduo
562 2419 674 2491 undique
697 2419 798 2475 deserto
821 2438 873 2474 non
891 2420 960 2475 aliud
967 2424 1004 2481 63

172 2494 313 2552 subsidium
326 2514 401 2567 quam
412 2496 583 2553 misericordia
595 2497 702 2553 Gaesaris
717 2498 776 2552 fuit.
811 2498 960 2567 Transgres-

174 2592 216 2629 sus
228 2572 384 2639 Danubium,
395 2593 445 2645 qua
456 2574 575 2631 Noricam
588 2574 742 2646 provinciam
753 2574 870 2645 praefluit,
883 2575 960 2645 scrip·

175 2655 205 2708 sit
214 2652 323 2718 Tiberio,
335 2672 386 2707 non
394 2659 423 2709 ut
433 2655 555 2727 profugus
566 2658 610 2709 aut
623 2654 736 2725 supplex,
747 2655 791 2710 sed
800 2672 833 2709 ex
841 2654 960 2709 memoria

175 2731 262 2799 prioris
285 2730 412 2786 fortunae:
437 2750 495 2786 nam
518 2732 606 2787 multis
629 2732 774 2787 nationibus
795 2732 959 2787 clarissimum

177 2808 298 2876 quendem
310 2827 396 2881 regern
414 2808 486 2864 adse
499 2809 655 2875 vocantibus,
668 2810 808 2865 Romanam
825 2808 960 2863 amicitiam

178 2885 320 2951 praetulisse.
369 2886 530 2957 Responsum
552 2888 683 2942 aOaesare
703 2892 787 2942 tutam
807 2886 831 2941 ei
853 2885 982 2939 honora-2

179 2964 275 3033 temque
298 2964 384 3021 sedern
407 2965 434 3020 in
454 2964 532 3021 ltalia
552 2966 614 3031 iore,
636 2965 660 3019 si
677 2969 807 3020 maneretz
826 2963 866 3018 sin
884 2960 960 3016 rebus

153 3062 155 3093 p
204 3049 313 3087 ηψπ
329 3052 351 3083 r.
555 3058 572 3096 (ς

961 3132 1142 3182 ΔΑ,ἐ-ιΙ
