2550 3500
187 451 209 490 L
219 448 244 489 D·
255 450 300 499 m]
408 386 606 435 ANNALIUM
623 386 675 435 111.
694 389 764 435 4-9.
939 390 973 439 91

185 500 320 565 sollemnia,
339 500 366 553 et
387 498 446 570 quia
468 499 585 554 ludorum
607 498 775 571 Megalesium
799 496 972 570 spectaculum

183 578 293 642 suberat,
307 576 384 631 etiam
395 575 539 647 voluptates
552 581 717 631 resumerent.

215 656 283 709 Tum
306 660 384 709 exuto
405 654 507 725 justitio
525 653 635 708 reditum
657 654 689 708 ad
709 653 802 722 munia,
823 656 850 707 et
870 652 1009 713 Drusus7·

181 732 298 803 illyricos
321 730 354 785 ad
377 732 503 787 exercitus
526 731 656 803 profectus
675 735 724 796 est,
746 730 836 785 erectis
860 730 973 785 omnium

181 810 272 863 animis
284 807 421 879 petendae
430 808 523 863 Pisone
532 808 644 873 ultiouis,
654 813 681 864 et
690 808 778 864 crebro
786 812 886 879 questu,
896 807 971 879 quod,

181 904 263 958 vagus
284 885 386 940 interim
409 904 455 957 per
470 904 567 942 amoeua
586 886 656 941 Asiae
679 892 756 957 atque
773 885 883 953 Achaia,
903 903 972 939 arro·

181 963 256 1034 genti
264 966 290 1017 ct
303 962 408 1017 subdola
418 980 488 1016 mora
496 962 619 1017 scelerum
630 963 791 1034 probationes
803 962 970 1017 subverteret.

181 1042 252 1095 Nam
263 1039 396 1112 vulgatum
408 1044 462 1094 erat
480 1039 590 1106 missam,
608 1044 639 1095 ut
657 1040 716 1106 dixi,
734 1058 750 1095 a
766 1040 813 1095 Cn,
834 1040 920 1094 Sentio
936 1038 994 1093 iat

181 1135 281 1172 mosam
292 1116 419 1172 venaliciis
434 1116 573 1171 Martinam
589 1117 674 1171 subita
687 1123 769 1173 morte
784 1116 915 1171 Brundisii
930 1135 973 1171 ex-

183 1195 311 1261 stinctam,
329 1212 502 1265 venenumque
523 1194 590 1249 uodo
609 1194 715 1249 crinium
736 1196 790 1266 ejus
809 1194 971 1257 occultatum,

182 1291 229 1327 uec
250 1271 304 1325 ulla
323 1271 351 1325 iu
370 1288 474 1342 corpore
494 1271 567 1343 signa
587 1272 683 1343 sumpti
701 1272 773 1326 exitii
793 1276 901 1343 reperta.
937 1273 1000 1329 Ate

182 1350 253 1415 Piso,
274 1348 406 1419 praemisso
425 1348 453 1403 in
472 1348 561 1403 urbem
579 1349 637 1415 filio,
657 1349 774 1421 datisque
789 1349 914 1403 mandatis
928 1367 975 1420 per

183 1446 241 1499 quae
254 1426 392 1498 principem
405 1426 521 1492 molliret,
535 1426 568 1481 ad
580 1427 695 1481 Drusum
706 1427 805 1498 pergit3
824 1444 899 1497 quem
905 1425 975 1479 haud

182 1504 273 1559 fratris
288 1502 394 1557 interitu
407 1506 507 1557 trucem
525 1522 600 1575 quam
616 1507 714 1558 remoto
734 1502 824 1558 aemulo
838 1502 973 1573 aequiorem

182 1582 233 1637 sibi
246 1580 372 1652 sperabat.
407 1580 531 1646 Tiberius,
546 1599 596 1651 quo
607 1580 737 1652 integrum
751 1579 874 1651 judicium
889 1583 996 1635 osten-2

182 1662 261 1723 taret,
275 1660 410 1727 exceptum
422 1657 528 1712 comiter
540 1658 660 1728 juvenem
672 1661 745 1712 sueta
756 1675 817 1728 erga
827 1657 892 1711 filios
904 1656 974 1710 lami-

182 1736 276 1792 liarum
296 1734 394 1790 nobiles
417 1734 568 1790 liberalitate
593 1739 679 1808 auget.
716 1735 817 1790 Drusus
836 1733 930 1799 Pisoni,
952 1732 998 1788 sit

182 1832 247 1870 vara
261 1813 346 1868 forent
359 1830 415 1884 quae
429 1812 581 1883 jacerentur,
594 1813 749 1884 precipuum
760 1813 788 1867 iu
799 1811 886 1866 dolore
901 1830 976 1866 suum

181 1891 270 1947 locum
280 1888 427 1961 respoudit:
448 1889 493 1944 sed
500 1889 574 1944 malle
586 1890 651 1944 falsa
661 1894 688 1944 et
699 1890 790 1954 inania,
800 1908 847 1944 ncc
858 1889 975 1960 cuiquam

181 1971 294 2024 mortem
313 1965 455 2021 Germanici
472 1966 603 2021 exitiosam
620 1986 684 2022 esse.
720 1967 785 2022 Hac
801 1967 883 2038 palam
900 1970 927 2020 et
938 1965 998 2021 vas

181 2050 242 2101 tato
254 2043 323 2099 omni
334 2047 448 2109 secreto;
467 2061 550 2114 neque
562 2043 744 2099 dubitabantur
760 2044 908 2114 praescripta
925 2043 949 2097 ei
960 2061 976 2096 a

181 2123 369 2189 Tiberiacum
386 2121 516 2176 incallidus
529 2122 622 2193 alioqui
637 2126 664 2176 et
680 2122 761 2176 facilis
773 2123 879 2192 juventa
894 2120 976 2175 senili-

180 2202 234 2258 bus
254 2203 310 2254 tum
329 2198 426 2254 artibus
443 2203 567 2254 uteretur.
603 2199 672 2266 Piso,
689 2200 831 2254 Dalmatico
847 2198 911 2253 mari
926 2203 1002 2261 tra9

181 2278 265 2333 misso
276 2275 422 2346 relictisque
439 2274 507 2347 apud
523 2276 655 2332 Anconam
670 2276 783 2342 navibus,
796 2293 842 2346 per
856 2275 978 2330 Picenum

181 2373 214 2410 ac
237 2371 299 2408 mox
316 2352 466 2407 Flaminiam
483 2353 550 2408 viam
574 2353 722 2424 adsequitur
744 2352 943 2424 legionemque
963 2370 979 2407 e

180 2429 321 2488 Pannonia
338 2429 366 2484 in
381 2429 478 2495 urbem,
495 2429 553 2484 dein
570 2430 687 2502 praesidio
703 2430 804 2494 Mrioae,
823 2429 978 2484 ducebatur:

182 2526 269 2580 eaque
280 2524 322 2561 res
335 2506 432 2577 agitata
443 2507 594 2572 meroribus,
607 2510 638 2561 ut
650 2507 678 2561 in
689 2507 788 2578 agmine
801 2510 877 2578 atqua
888 2506 978 2561 itinere
996 2543 999 2547 ι

183 2585 277 2642 erebro
289 2601 317 2639 se
329 2583 452 2639 militibus
464 2585 654 2640 ostentavisset.
698 2584 740 2640 Ab
751 2585 856 2650 Narnia,
869 2581 1001 2639 vitandae2

185 2662 348 2736 suspicionis,
373 2679 406 2715 an
429 2662 488 2733 quia
508 2661 606 2734 pavidis
624 2661 773 2716 consiliam
788 2661 885 2716 incerto
909 2666 977 2726 sunt,
1012 2665 1014 2672 '

185 2741 259 2796 Nara
278 2757 308 2794 ac
326 2756 387 2793 mor
404 2738 490 2794 'liberi
507 2739 635 2804 devectae,
656 2739 727 2794 auxit
747 2739 819 2811 uugi
838 2739 896 2803 iras,
919 2738 979 2808 quia

187 2835 279 2872 navem
297 2815 397 2871 summo
415 2815 543 2870 Caesarum
559 2816 707 2887 appulerat;
725 2815 815 2886 dieque
827 2820 853 2869 et
864 2816 920 2884 ripa
930 2813 980 2866 fre·

190 2897 286 2965 maenti,
299 2913 391 2964 magno
404 2893 533 2949 clientium
549 2895 650 2966 agmine
660 2896 723 2965 ipse,
736 2894 887 2948 feminarum
903 2890 979 2944 comi-

190 2975 248 3028 tutu
265 2972 394 3038 Plancina,
413 2975 440 3028 et
457 2972 532 3027 vultu
548 2972 644 3027 alacres
661 2973 796 3027 incessere.
832 2968 894 3023 Fuit
910 2967 1000 3020 intera
1088 2973 1096 2988 ·

215 3063 272 3100 rac.¹
282 3063 338 3093 ross.
350 3063 369 3094 ι.
575 3065 596 3104 H
