2550 3500
294 334 339 380 136
626 333 746 381 ruem
921 395 995 445 [m.
1006 395 1087 437 &m

268 447 420 515 ogeriuerat,
445 462 477 498 ne
500 444 583 514 pellici
606 448 801 515 suspectaretur.
850 445 901 500 Sed
928 446 1085 516 magnitudo

291 520 408 575 facinoris
420 524 523 585 metum,
537 521 698 591 prolationes,
711 521 811 577 diversa
826 521 955 577 interdum
972 523 1086 577 consilia

264 597 418 651 4afferebat.
453 596 558 651 Interim
572 598 630 652 anni
642 598 764 669 principio
776 599 877 653 Drusus
889 617 923 653 ex
934 599 1086 653 Germanici

292 674 375 729 liberis
387 677 473 745 togam
485 674 582 728 virilem
597 675 723 745 sumpsit;
740 694 846 746 quaeque
862 675 937 729 fratri
955 675 1012 746 ejus
1029 676 1087 730 Ne-

247 819 248 823 *
269 750 348 809 sroni
365 750 509 805 decreverat
527 755 639 815 senatus,
657 752 774 821 repetita
809 751 917 806 Addidit
937 752 1086 807 orationem

293 827 384 893 Caesar,
404 826 484 881 multa
501 845 559 881 cum
574 826 648 882 laude
664 828 709 883 filii
726 829 774 893 sui,
793 828 862 899 quod
878 828 962 899 patria
972 828 1086 884 benevo-

269 905 369 963 3lentia
380 906 407 959 in
418 904 504 959 fratris
516 904 608 959 liberos
620 904 694 959 foret.
731 906 800 959 Nam
811 907 920 971 Drusus,
933 924 1085 976 quanquam

292 982 397 1037 arduum
413 981 450 1050 ,sit
468 980 555 1035 ecdem
569 981 618 1036 loci
633 982 773 1052 potentiam
791 986 818 1036 et
836 982 996 1037 concordiam
1014 1000 1083 1049 esse,

290 1076 378 1131 aquus
390 1058 597 1123 adolescentibus,
614 1063 658 1112 aut
674 1062 743 1113 certe
757 1077 809 1113 non
827 1058 955 1123 adversus,
971 1059 1085 1115 babeba-

290 1140 340 1190 tur.
377 1136 445 1191 Exin
460 1140 535 1191 vetus
553 1139 579 1191 et
598 1153 665 1206 saepe
682 1134 829 1189 simulatum
851 1136 1030 1206 proficiscendi
1052 1137 1084 1191 in

267 1213 430 1283 aprovincias
442 1213 572 1268 consilium
585 1212 702 1267 refertur.
738 1212 933 1267 Multitudinem
945 1217 1084 1269 veterano-

290 1310 345 1344 rum
370 1290 525 1361 praetexebat
548 1290 693 1360 imperatcr,
718 1291 745 1343 et
762 1288 903 1344 delectibus
921 1289 1083 1361 supplendos

290 1367 430 1421 exercitus:
448 1385 507 1421 nam
518 1366 689 1421 voluntarium
703 1365 810 1420 militem
826 1366 921 1431 deesse,
940 1385 971 1421 ac
986 1366 1083 1438 sisup·
1134 1427 1136 1452 Ι

290 1444 394 1515 peditet,
418 1463 468 1499 uon
487 1444 574 1499 eadem
591 1443 686 1499 virtute
710 1461 740 1499 ac
763 1442 888 1499 modestia
910 1463 993 1515 agere,
1020 1446 1082 1515 qnia

267 1532 281 1577 5
291 1522 438 1593 plerumque
450 1522 536 1593 inopes
546 1540 576 1577 ac
587 1521 646 1593 vagi
655 1527 745 1592 sponte
753 1521 870 1576 militiam
881 1526 990 1575 sumant.
1019 1522 1082 1577 Per-

291 1598 438 1669 censuitque
450 1598 541 1653 cursim
560 1616 694 1653 numerum
709 1598 845 1669 legionum,
864 1602 891 1653 et
903 1616 966 1669 quas
978 1599 1082 1669 provin·
1134 1611 1136 1614 ·

267 1675 340 1732 osias
352 1678 505 1731 tutarentur.
542 1674 619 1733 Quod
629 1674 692 1729 mihi
703 1693 803 1745 quoque
812 1674 1001 1745 exsequendum
1012 1694 1080 1741 reor,

290 1771 346 1822 quse
356 1755 418 1806 tuuc
427 1753 542 1806 Murano
550 1752 622 1822 copia
633 1751 661 1806 in
669 1752 753 1817 armis
763 1752 809 1823 qui
819 1753 882 1808 socii
889 1771 971 1824 reges,
982 1758 1094 1824 quanto-

263 1829 324 1884 5sit
337 1829 469 1900 angustius
482 1828 662 1900 imperitatum
697 1829 799 1883 Italiam
814 1833 925 1900 utroque
940 1830 1004 1884 mari
1021 1829 1080 1886 dura

290 1905 389 1971 classes,
414 1905 543 1960 Misenum
563 1904 631 1976 apud
654 1908 681 1960 et
704 1906 860 1972 Ravennam,
885 1907 1081 1978 proximumque

270 2049 274 2059 ι
291 1981 378 2038 Gallia
391 1983 452 2038 litus
469 1986 585 2038 rostrata
603 2001 680 2038 nares
698 1983 874 2054 proesidebant,
892 2003 955 2054 quas
972 1985 1081 2040 Actiaca

289 2061 396 2116 victoria
407 2063 493 2132 captas
506 2061 641 2132 Augustus
653 2061 681 2114 in
692 2061 812 2132 oppidum
820 2061 995 2132 Forojuliense
1006 2063 1080 2118 mise·

267 2143 337 2205 arat,
351 2139 433 2195 valido
445 2158 503 2195 cum
512 2139 615 2211 remige.
647 2138 698 2194 Sed
707 2140 860 2210 praecipuum
869 2140 947 2195 robur
958 2140 1080 2196 Rhenum

287 2216 370 2287 juxta,
384 2235 516 2272 commune
527 2217 555 2272 in
564 2219 703 2272 Gennancs
713 2216 848 2288 Gallosque
860 2216 1009 2283 subsidium,
1020 2226 1079 2273 octo

289 2293 401 2364 legiones
426 2299 505 2350 erant.
541 2294 682 2365 Hispaniae,
706 2311 794 2348 recens
817 2293 973 2365 perdomita,
995 2294 1078 2350 tribus

267 2370 454 2426 abutebantur.
490 2372 596 2426 Mauros
608 2372 625 2426 J
626 2371 677 2426 uba
688 2389 734 2425 rex
744 2377 875 2441 acceperat
884 2370 979 2426 donum
990 2371 1078 2442 populi

290 2447 406 2503 Romani.
443 2449 536 2504 Cetera
555 2449 649 2504 Africae
672 2466 719 2519 per
742 2447 805 2502 duas
828 2447 949 2518 legiones,
973 2449 1078 2520 parique

267 2531 394 2578 enumero
414 2525 550 2597 AEgyptus.
586 2525 689 2581 Dehinc
711 2523 785 2579 initio
803 2525 836 2578 ab
857 2525 931 2596 Syria
947 2543 1029 2596 usque
1046 2526 1078 2581 ad
1134 2590 1135 2597 ἵ

289 2602 383 2656 flumen
394 2601 551 2671 Euphraten,
565 2605 688 2674 quantum
702 2601 802 2672 ingenti
812 2607 939 2656 terrarum
956 2602 1016 2656 siuu
1026 2621 1078 2658 am·
1134 2628 1135 2643 ¹

289 2677 366 2743 bitur,
376 2681 497 2750 quattuor
508 2679 651 2750 legionibus
660 2679 776 2742 coercita,
786 2678 875 2733 accolis
885 2678 961 2733 Ibero
970 2678 1077 2734 Albano·

291 2774 340 2824 que
353 2759 379 2810 et
391 2755 445 2809 aliis
457 2755 567 2826 regibus,
578 2755 622 2826 qui
630 2754 805 2826 magnitudine
812 2759 900 2810 nostra
907 2759 1078 2827 proteguntur

267 2834 423 2890 eadversum
436 2836 538 2887 externa
552 2831 665 2902 imperia.
701 2831 736 2885 Et
747 2832 878 2887 Thraciam
892 2828 1076 2888 Iiboemetalces

291 2929 320 2966 ac
341 2911 412 2966 liberi
433 2910 529 2982 Cotyis,
548 2909 679 2981 ripamque
700 2909 812 2965 Danubii
829 2909 958 2980 legionum
976 2909 1033 2967 dua
1050 2912 1076 2966 in
