2550 3500
286 384 334 436 274
620 383 738 433 TACITI

922 446 1080 496 mnam.

286 506 363 569 quam
374 496 473 569 injuria,
484 494 615 567 cupidines
623 496 744 567 principis
753 496 878 567 explente,
888 494 989 567 quando
998 515 1081 552 uxore

287 574 319 631 ab
337 574 451 639 Octavia,
470 572 549 627 nobili
566 573 667 643 quidem
684 578 711 628 et
726 573 860 644 probitatis
878 576 1008 643 spectatae,
1025 573 1081 627 fato

288 652 405 723 quodam,
418 670 450 705 en
462 650 520 721 quia
531 650 669 721 prevalent
688 651 783 716 illicita,
796 649 962 715 abhorrebat;
982 654 1080 705 metue·

287 729 413 801 baturque
435 748 468 783 ue
491 728 518 782 in
536 732 624 799 stupra
641 729 791 784 feminarum
808 728 944 782 illustrium
961 746 1081 797 prorum-

266 806 812 879 3mmtsifflafflfflmemmmmmm.
861 805 1081 877 &ddffimmm

288 884 403 939 libertam
420 882 541 949 aemulam,
560 902 653 939 nurum
670 884 791 948 ancillam,
809 882 906 953 aliaque
923 882 1034 938 eundem
1051 885 1080 938 in

245 961 391 1021 13modum
407 960 563 1015 muliebriter
579 960 695 1016 fremere.
731 960 824 1031 Neque
841 960 1016 1031 paenitentiam
1033 961 1080 1015 lilii
1137 963 1139 1048 l

288 1042 332 1092 aut
351 1037 496 1093 satietatem
513 1038 639 1109 opperiri;
659 1040 804 1109 quantoque
820 1036 926 1091 foediora
942 1037 1079 1108 exprobra·

286 1114 339 1180 bat,
352 1115 434 1171 acrius
447 1114 590 1183 accendere,
601 1115 681 1171 donec
693 1114 718 1170 vi
728 1114 822 1169 amoris
833 1113 954 1169 subactus
970 1120 1078 1170 erueret

286 1191 434 1263 obsequium
457 1192 485 1246 in
505 1196 612 1247 matrem
633 1210 711 1263 seque
730 1194 831 1246 Senecae
849 1190 1017 1261 permitteret,
1043 1210 1078 1247 ex

287 1269 360 1341 cujus
372 1268 535 1323 familiaribus
551 1269 662 1323 Annaeus
680 1269 789 1323 Serenus
807 1267 967 1322 simulatione
983 1270 1077 1323 amoris

287 1346 408 1401 adversus
420 1345 524 1401 eandem
536 1345 652 1401 libertam
663 1346 757 1417 primas
769 1344 935 1399 adolescentis
945 1344 1077 1415 cupidines

287 1424 420 1489 velaverat,
434 1423 625 1495 praebueratque
636 1440 735 1487 nomen,
745 1426 775 1476 ut
788 1440 844 1493 quar
855 1421 972 1492 princeps
985 1422 1078 1477 furtim

266 1500 440 1564 omulierculae
449 1500 584 1565 tribuebat,
594 1500 636 1555 ille
643 1499 724 1571 palam
734 1498 876 1570 largiretur.
906 1498 973 1552 Turn
984 1501 1079 1571 Agrip

287 1578 347 1649 pina
365 1578 445 1634 versis
465 1578 561 1633 artibus
580 1596 625 1648 per
645 1576 817 1631 blandimenta
829 1576 948 1647 juvenem
964 1577 1078 1647 aggredi,

288 1674 363 1710 suum
383 1655 469 1726 potius
490 1654 633 1709 cubiculum
654 1672 683 1709 ae
704 1654 787 1708 sinum
804 1654 893 1707 offerre
911 1654 1078 1725 contegendis

265 1744 343 1806 aqua
363 1732 444 1804 prima
462 1734 524 1787 etas
540 1736 566 1787 et
582 1750 682 1786 summa
696 1731 799 1786 fortuna
813 1732 968 1802 expeterent.
1005 1732 1079 1792 Quin

287 1813 314 1864 et
338 1808 466 1864 fatebatur
489 1809 692 1880 intempestivam
721 1809 889 1872 severitatem,
920 1812 946 1862 et
972 1826 1078 1864 suarum

287 1903 371 1956 opum,
393 1905 448 1956 quae
468 1885 537 1940 haud
557 1885 646 1956 procul
664 1886 833 1956 imperatoriis
854 1885 966 1952 aberant,
990 1888 1078 1957 copias

285 1961 410 2028 tradebat,
423 1965 454 2017 ut
466 1963 544 2017 nimia
555 1981 636 2034 nuper
648 1962 786 2018 coercendo
797 1962 858 2028 lilio,
870 1962 908 2016 ita
918 1981 1024 2016 mrsum
1039 1964 1078 2018 in·
1137 1968 1139 1995 l

263 2043 456 2112 atemperanter
477 2039 593 2095 demissa.
629 2040 695 2100 Qua
713 2039 822 2094 mutatio
843 2057 925 2110 neque
945 2039 1078 2096 Neronem

285 2117 382 2184 fefellit,
405 2121 431 2172 et
451 2117 559 2189 proximi
578 2117 715 2172 amicorum
738 2116 893 2182 metuebant,
918 2116 1078 2189 orabantque
1137 2140 1138 2145 ¹

285 2212 373 2250 cavere
391 2194 495 2250 insidias
512 2194 624 2250 mulieris
645 2212 745 2265 semper
762 2193 863 2258 atrocis,
880 2196 980 2248 tumet
996 2194 1076 2250 falsae.

264 2271 362 2333 edoma
375 2273 424 2328 illis
437 2272 525 2328 diebus
539 2273 623 2328 Caesar
634 2271 750 2342 inspecto
762 2274 854 2325 ornatu
866 2287 917 2341 quo
932 2271 1078 2343 principum

285 2350 406 2421 conjuges
431 2367 460 2404 ac
483 2353 600 2421 parentes
624 2348 779 2413 effulserant,
803 2347 893 2418 deligit
921 2353 1021 2403 vestem
1051 2353 1078 2404 et

285 2443 404 2496 gemmas,
418 2426 537 2498 misitque
549 2427 644 2481 donum
659 2426 743 2494 matri,
754 2424 824 2479 nulla
839 2424 1000 2496 parsimonia,
1019 2444 1079 2482 cum

261 2503 411 2574 apraecipua
422 2507 449 2558 et
462 2505 548 2576 cupita
560 2504 614 2559 aliis
626 2504 697 2575 prior
713 2502 831 2558 deferret.
868 2501 919 2556 Sed
934 2503 1079 2574 Agrippina

285 2597 336 2634 non
347 2580 387 2634 his
399 2581 492 2635 instrui
504 2581 588 2635 cultus
601 2599 669 2646 suos,
680 2579 726 2635 sed
737 2581 829 2635 ceteris
841 2579 921 2634 arceri
927 2580 1077 2650 proclamat,

241 2660 277 2716 14
285 2661 311 2712 et
332 2656 443 2712 dividere
462 2657 549 2723 filium,
567 2676 623 2728 quae
640 2661 733 2713 cuncta
746 2675 778 2712 ex
798 2657 854 2728 ipsa
869 2655 982 2711 haberet.
1019 2658 1080 2713 Neo

284 2733 387 2790 defuere
399 2733 444 2804 qui
454 2733 482 2788 in
493 2732 604 2788 deterius
616 2734 748 2789 referrent.
783 2735 820 2790 Et
832 2734 903 2789 Nero
912 2733 1029 2790 infensus
1036 2735 1077 2800 iis,

284 2811 375 2881 quibus
396 2809 513 2881 superbia
536 2810 665 2864 muliebris
688 2811 851 2876 innitebatur,
876 2810 994 2866 demovet
1018 2812 1079 2867 Pal·

282 2885 378 2942 lentern
407 2905 468 2942 cura
491 2903 576 2941 rerum
599 2887 656 2956 quis
680 2904 695 2940 a
718 2887 824 2943 Claudio
847 2887 981 2958 impositus
1003 2888 1078 2943 velut

283 2963 407 3020 arbitrum
430 2963 502 3036 regni
525 2963 631 3036 agebat3
655 2963 833 3036 ferebaturque
857 2963 1021 3038 degrediente
1044 2984 1076 3022 eo
