2550 3500
308 376 354 425 190
638 380 758 427 TACITI

879 443 913 491 [Δ.
924 442 952 482 U.
962 444 984 482 c.
994 442 1041 489 785,
1050 442 1095 484 ¹18⁶.

281 488 390 556 clinem,
406 490 510 560 accepit,
528 489 600 560 quasi
616 491 717 545 nescius
735 490 877 546 exercendi.
912 492 979 546 tum
994 492 1096 547 Taurus

307 566 429 631 Statilius,
450 584 592 636 quanquam
610 571 730 637 provecta
746 572 829 633 aetate,
849 569 951 640 egregie
967 568 1096 623 toleravit.

281 640 373 697 lDein
390 642 452 697 Piso
469 642 561 714 viginti
578 661 623 713 per
641 662 720 699 annos
738 645 833 715 pariter
850 644 980 715 probatus,
993 644 1097 716 publico

305 719 393 775 funere
405 737 438 773 ax
449 718 551 775 decreto
564 723 668 775 senatus
680 721 821 776 celebratus
833 726 881 776 eet.

260 792 297 849 12
340 796 461 851 Relatum
477 795 536 851 inde
550 796 583 850 ad
598 801 684 867 patres
695 817 712 853 a
723 799 881 859 Quintiliano
891 798 996 853 tribuno
1013 798 1098 869 plebei

306 871 337 927 de
348 872 412 927 libro
425 872 532 944 Sibylla,
546 892 620 944 quem
633 874 755 930 Caninius
768 876 856 930 Gallus
867 875 1098 946 quindecimviriim

305 949 383 1020 recipi
398 950 466 1004 inter
482 953 580 1005 ceteros
596 951 711 1023 ejusdem
727 952 799 1018 vatis,
812 957 839 1007 et
855 952 932 1007 eade
947 970 976 1007 re
991 956 1097 1007 senatus

306 1026 450 1082 consultum
473 1027 648 1098 postulaverat
654 1051 662 1094 ;
681 1047 731 1100 quo
754 1048 800 1100 per
823 1029 1003 1084 discessionem
1028 1029 1097 1083 iacto

305 1104 375 1159 misit
386 1103 485 1158 litteras
502 1104 595 1169 Caesar,
611 1104 710 1160 modice
726 1105 858 1160 tribunum
875 1107 1008 1177 increpans
1025 1106 1097 1176 ignn

283 1192 363 1237 zrum
386 1180 483 1252 antiqui
501 1181 579 1236 moris
602 1181 635 1236 ob
657 1182 796 1253 juventam.
833 1182 905 1237 Gallo
927 1181 1097 1253 exprobrabat

307 1256 382 1328 qnod,
395 1258 507 1313 scientiae
518 1258 768 1330 caerimoniarumque
778 1262 861 1325 vetus,
870 1260 967 1314 incerto
979 1265 1094 1324 anctore,
1140 1263 1141 1276 ¹

307 1338 366 1389 ente
384 1335 536 1389 sententiam
552 1334 658 1405 collegii,
671 1354 730 1404 non,
744 1340 775 1391 ut
791 1336 891 1401 assolet,
904 1336 970 1391 lecto
988 1354 1036 1406 per
1046 1353 1097 1390 ma

307 1411 401 1482 gistros
414 1412 589 1483 aestimatoqna
602 1412 720 1479 carmine,
740 1413 807 1484 apud
824 1413 1011 1484 infrequentem
1027 1431 1097 1468 sena-

284 1494 363 1544 8tum
375 1488 477 1561 egisset.
515 1488 595 1543 simul
607 1490 806 1555 commonefecit,
819 1490 880 1561 qnia
885 1489 966 1543 multa
974 1489 1096 1544 vanesub

308 1566 409 1621 nomine
421 1564 512 1621 celebri
524 1564 701 1637 venabantur,
719 1567 832 1621 sanxisse
847 1568 1002 1638 Augustum,
1022 1584 1097 1637 quem

308 1643 376 1698 intra
395 1642 461 1697 diem
482 1641 512 1696 ad
534 1648 669 1713 pretorem
687 1643 812 1698 urbanum
831 1642 991 1698 deterrentur
1013 1662 1096 1713 neque

284 1719 402 1778 thebana
422 1718 540 1790 privatim
563 1718 658 1775 liceret.
695 1720 773 1780 Quod
795 1739 811 1774 a
833 1719 970 1792 majoribus
995 1738 1095 1791 quoqne
1141 1763 1143 1769 .

309 1796 439 1852 decretum
457 1799 512 1850 erat
529 1800 588 1866 post
604 1802 722 1852 exustum
741 1798 828 1853 sociali
847 1798 913 1853 bello
934 1797 1095 1868 Capitolium,

309 1873 422 1944 quaesitis
445 1873 527 1938 Samo,
546 1873 602 1938 Ilio,
623 1873 749 1944 Erpthris‚
770 1893 815 1945 per
834 1875 949 1930 Africam
968 1874 1048 1929 etiam
1068 1893 1097 1929 ac

310 1949 420 2006 Siciliam
439 1953 465 2004 et
487 1949 591 2004 Italicas
612 1950 731 2016 colonias,
749 1951 901 2007 carminibus
921 1950 1030 2021 Sibylla,
1046 1970 1098 2006 unu

310 2045 356 2082 scu
372 2026 457 2098 plnres
473 2026 544 2080 fuere
552 2048 559 2092 ;
579 2026 690 2096 datoque
706 2027 877 2083 sacerdotibus
892 2028 1003 2100 negotio,
1020 2047 1097 2099 quan-

285 2109 364 2160 ttum
384 2105 494 2158 humana
508 2121 556 2174 ope
574 2105 726 2175 potuissent,
746 2124 807 2160 vera
824 2105 973 2160 discernere.
1010 2104 1098 2175 Igitur

309 2188 372 2237 tnnc
384 2199 483 2253 quoque
494 2181 593 2236 notioni
604 2182 830 2252 quindecimviriim
841 2183 864 2237 is
875 2183 939 2238 liber
955 2181 1097 2254 subjicitur.

264 2255 300 2310 13
344 2258 430 2314 Isdem
442 2258 587 2314 consulibus
598 2260 725 2330 gravitate
742 2278 847 2314 annone
856 2260 932 2331 juxta
947 2258 1098 2314 seditionem
1141 2248 1142 2283 ¹

309 2340 412 2390 ventum
423 2359 431 2402 ;
449 2335 587 2407 multaque,
601 2340 627 2390 et
639 2336 725 2407 plnres
737 2355 783 2408 per
795 2335 856 2401 dies,
869 2336 897 2391 in
908 2336 1009 2390 theatro
1020 2335 1098 2390 been-

309 2412 362 2467 tius
382 2412 526 2483 efflagitata,
548 2431 624 2483 qnam
643 2412 748 2468 solitum
765 2413 898 2468 adversum
912 2413 1097 2484 imperatorem.

285 2489 379 2548 2ttuis
391 2493 539 2554 commotus,
557 2490 682 2544 incusavit
698 2491 863 2562 magistratus
878 2495 1014 2561 patresque
1030 2490 1099 2562 qnod

309 2584 361 2621 non
372 2565 472 2636 publica
484 2567 635 2622 auctoritate
648 2568 769 2638 populum
784 2570 955 2623 coercuissent
962 2589 970 2633 3
989 2565 1098 2622 addidit-

310 2662 359 2714 qne
367 2642 459 2714 quibus
468 2661 483 2697 e
491 2643 633 2713 provinciis,
644 2649 671 2699 et
681 2652 775 2715 quanto
783 2646 904 2717 majorem
911 2663 988 2716 qnam
995 2646 1099 2718 Augus-

285 2724 353 2775 tttus
365 2720 402 2775 rei
413 2719 583 2775 frumentaria
595 2722 692 2792 copiam
703 2721 856 2777 adventaret.
890 2722 933 2777 Ita
945 2720 1098 2794 castiganda

310 2797 377 2869 plebi
389 2795 555 2868 compositum
572 2802 676 2853 senatus
693 2799 837 2855 consultum
854 2799 938 2871 prisca
952 2798 1097 2863 severitate,

286 2880 392 2946 tneque
404 2873 506 2945 segnius
524 2874 639 2929 consides
656 2875 764 2932 edixere.
801 2877 935 2932 Silentium
950 2875 1033 2946 ipsius
1047 2894 1099 2930 non

310 2951 390 3019 civile,
403 2955 433 3008 nt
445 2949 593 3021 crediderat,
605 2951 651 3008 sed
661 2952 690 3008 in
700 2953 843 3026 snperbiam
855 2951 1035 3024 accipiebatur.
