2550 3500
404 371 600 419 ANNALIUM
617 371 673 420 XV.
691 373 794 419 21-25.
944 372 993 421 84⁰

208 434 235 473 Δ.
246 433 271 472 D.
280 432 311 479 tt,
320 433 362 482 dt]

209 484 273 537 solio
294 482 431 554 Capitolini
452 483 524 538 lovis
545 483 703 550 lacerantum
731 482 856 537 ludicrum
876 483 997 548 circense,

208 564 240 615 ut
256 560 331 615 Julioe
351 560 423 631 genti
446 560 514 631 apud
537 560 657 625 Bovillas,
676 561 714 616 ita
737 558 849 615 Claudiae
868 560 998 615 Domitiae·

209 656 259 708 que
270 638 337 709 apud
348 638 456 693 Antium
467 638 592 693 ederetur.
630 639 696 697 Quae
707 638 777 693 fluxa
788 637 867 703 fuere,
879 641 1023 709 quacums

208 714 277 770 iutra
299 733 411 769 mensem
434 714 556 769 defunctu
578 714 684 769 infante.
727 715 879 786 Rursusque
903 718 998 770 exorta

208 790 365 847 adulationes
376 792 534 847 censentium
542 791 664 847 honorem
674 791 738 847 diva
746 796 773 847 et
785 791 901 863 pulvinar
909 791 998 847 aedem·

209 887 259 939 que
270 873 297 923 et
308 868 472 925 sacerdotem.
508 871 595 939 Atque
606 869 662 940 ipse
673 872 703 923 ut
715 868 817 935 letitiae,
831 869 868 923 ita
885 868 1022 924 maeror'mb

207 944 357 1001 immodicus
369 946 430 1017 egit.
466 947 626 1001 Adnotatum
638 952 686 1011 est,
700 946 768 1001 omui
781 950 872 1001 senatu
889 946 998 1001 Antium

208 1022 257 1077 sub
273 1026 400 1077 recentem
412 1027 514 1094 partum
530 1023 618 1088 effuso,
631 1023 768 1077 Thraseam
780 1023 939 1094 prohibitum
951 1023 998 1077 im·

207 1104 279 1155 moto
302 1100 386 1155 animo
408 1100 577 1172 praenuntiam
596 1100 751 1155 imminentis
775 1099 849 1155 cedis
868 1104 998 1156 contume-

136 1207 139 1224 ι
206 1178 265 1233 bam
278 1179 415 1250 excepisse.
452 1180 570 1236 Secutum
583 1178 773 1234 debincvocem
786 1179 1021 1245 Gaesarisfemnt,c

207 1274 259 1327 qua
269 1256 458 1312 reconciliatum
469 1276 497 1313 se
509 1258 626 1313 Thrasea
638 1255 705 1327 apud
722 1256 840 1311 Senecam
855 1257 997 1327 jactaverit,

207 1349 238 1388 ac
250 1333 372 1388 &necem
389 1334 484 1389 Oaesari
499 1333 664 1406 gratulatum.
700 1332 777 1388 Unde
793 1332 873 1404 gloria
889 1335 998 1406 egregiis

207 1409 269 1466 viris
281 1413 309 1465 et
320 1410 432 1482 pericula
443 1411 591 1483 gliscebant.

241 1487 316 1542 Inter
326 1506 391 1559 quar,
400 1488 468 1543 veris
478 1487 610 1559 principio,
622 1486 701 1559 legati
712 1486 866 1543 Parthorum
880 1486 998 1543 mandata
1006 1494 1043 1547 24

132 1635 133 1638 ¹
206 1565 275 1636 regis
286 1564 422 1637 Vologesis
433 1564 582 1635 litterasque
593 1565 621 1619 in
632 1563 735 1619 eandem
749 1564 855 1618 formam
868 1564 977 1620 attulere
990 1588 997 1621 ι

132 1649 133 1664 ’
206 1660 235 1697 se
252 1641 338 1714 priora
353 1645 380 1697 et
396 1641 492 1697 totiens
514 1642 611 1713 jactata
629 1659 707 1711 super
725 1640 863 1697 obtinenda
877 1642 998 1698 Armenia

206 1737 275 1776 nunc
286 1719 414 1788 omittere,
425 1719 544 1792 quoniam
556 1718 600 1786 dii,
612 1717 727 1790 quamvis
739 1719 882 1792 potentium
894 1720 998 1792 populo-

205 1816 263 1852 rum
281 1797 377 1864 arbitri,
395 1797 580 1868 possessionem
595 1797 699 1852 Parthis
715 1815 767 1852 non
784 1797 839 1852 sine
858 1797 998 1869 ignominia

206 1874 323 1929 Bonum
333 1874 506 1931 tradidissent.
542 1874 634 1946 Nuper
649 1873 763 1930 deosum
775 1874 903 1946 Tigranen
913 1895 920 1940 ;
937 1881 1021 1947 posta

207 1949 308 2007 Paetum
324 1951 487 2024 legionesque
504 1970 563 2007 cum
583 1950 725 2022 opprimere
744 1955 838 2022 posset,
858 1951 996 2008 incolumes

207 2026 350 2084 dimisisse:
377 2030 441 2085 satis
461 2028 624 2100 approbatam
642 2027 711 2094 vim;
738 2028 826 2084 datum
841 2033 868 2084 et
883 2029 996 2084 lenitatis

206 2105 415 2175 experimentum.
449 2106 507 2161 Nec
518 2111 694 2162 recusaturum
709 2105 840 2160 Tiridaten
852 2106 1020 2176 accipiend03

207 2181 344 2238 diademati
363 2183 391 2238 in
413 2182 503 2239 urbem
525 2184 620 2248 venire,
644 2183 694 2238 nisi
717 2182 852 2238 sacerdotii
875 2183 997 2256 religione

206 2259 367 2314 attineretur.
402 2261 505 2316 iturum
523 2259 556 2314 ad
571 2259 646 2331 signa
659 2263 686 2314 et
704 2259 799 2330 effigies
811 2259 939 2331 principis,
951 2260 997 2316 ubi

205 2335 348 2407 legionibus
359 2355 443 2392 coram
458 2356 566 2409 regnum
581 2335 764 2407 auspicaretur.
800 2336 903 2393 Talibus
918 2338 995 2394 Volo·
1004 2336 1042 2392 25

206 2413 274 2486 gosis
285 2414 386 2479 litteris,
394 2414 454 2485 quia
464 2415 552 2470 Paetus
561 2413 661 2468 diversa
669 2418 789 2484 tanquam
801 2413 877 2470 rebus
889 2415 996 2488 integris

206 2490 339 2557 scribebat,
354 2491 526 2564 interrogatus
539 2491 656 2548 centurio
675 2490 720 2560 qui
737 2507 795 2546 oum
810 2490 901 2563 legatis
922 2492 997 2548 adve-

205 2572 286 2634 nerat,
300 2586 351 2640 quc
362 2569 390 2624 in
398 2568 596 2626 statumenia
607 2570 683 2633 esset,
697 2582 783 2623 onmes
795 2568 854 2624 inde
866 2569 995 2625 Romanos

205 2645 489 2717 excessisserespondit.
524 2644 900 2702 lbmintellectcbarbaromm
909 2647 1020 2712 irrisui

206 2723 251 2795 qui
266 2727 382 2794 peterent
398 2722 466 2795 quod
481 2723 633 2795 eripuerant,
647 2721 774 2780 consuluit
789 2723 857 2778 iuter
872 2723 994 2794 primores

205 2800 316 2856 civitatis
328 2800 407 2866 Nero,
417 2799 511 2856 bellum
522 2818 613 2873 anceps
625 2818 659 2855 au
670 2818 719 2871 pax
731 2799 865 2856 inhonesta
876 2800 993 2872 placeret.

204 2878 263 2934 Nee
283 2877 429 2934 dubitatum
449 2877 582 2935 debello:
610 2882 637 2934 et
659 2877 770 2934 Corbulo
788 2877 897 2933 militum
917 2881 1019 2950 atque8

205 2955 318 3013 bostium
328 2959 370 3014 tot
381 2973 427 3030 per
438 2972 518 3012 anuos
525 2974 620 3028 gnarus
631 2954 749 3028 gerendae
758 2955 795 3012 rei
806 2955 950 3026 preficitur,
960 2973 994 3012 ne
