2550 3500
416 703 450 763 0.
485 701 747 761 CORNELII
787 702 972 762 TAOITI

446 866 493 929 AB
512 864 666 919 Excusso
683 866 768 919 DlVI
784 865 939 920 Auousul

315 1012 1143 1126 anulorumh

546 1176 655 1230 LIBER
673 1176 834 1241 QUINTUS.

625 1335 754 1348 ᾖ

276 1442 289 1495 l
333 1442 476 1497 Ruenunro
485 1445 511 1499 et
523 1443 595 1498 Fufio
607 1444 760 1510 oonsulibus,
773 1462 881 1516 quorum
888 1445 992 1516 utrique
1003 1446 1093 1501 Gemi-
1141 1487 1143 1506 .

230 1522 347 1605 *ᾗῇ-ωε
365 1527 561 1595 cognomentum
579 1527 642 1589 erat,
661 1524 731 1579 Julie
747 1526 867 1595 Angusta
883 1528 992 1578 mortem
1015 1523 1092 1590 obiit,
1141 1571 1143 1594 ‚

241 1623 263 1653 n.
274 1594 292 1653 n}
300 1603 375 1654 aetate
393 1610 512 1665 extrema,
536 1599 677 1655 nobilitatis
700 1620 746 1672 per
769 1600 900 1655 Claudiam
923 1600 1044 1655 familiam
1062 1607 1093 1656 et
1141 1597 1142 1608 ¹

254 1664 292 1764 ΝΞ
300 1676 433 1748 adoptione
444 1677 575 1731 Liviorum
592 1678 769 1750 Juliornmque
785 1677 936 1733 clarissima.
971 1678 1093 1732 Primum

298 1755 322 1808 ei
333 1755 519 1809 matrimonium
531 1758 558 1809 et
570 1755 643 1810 liberi
654 1756 792 1810 {irenaeum
804 1755 905 1811 Tiberio
917 1755 1029 1821 Nerone,
1043 1760 1094 1827 qui

297 1829 362 1885 bello
374 1832 498 1886 Perusino
510 1831 643 1903 profugus,
655 1850 717 1903 paee
733 1833 801 1888 inter
821 1833 878 1887 Sex.
895 1833 1047 1903 Pompeium
1060 1853 1094 1890 ae
1141 1868 1143 1896 ι

276 1907 442 1965 3triumviros
454 1912 529 1979 poeta
539 1908 564 1963 in
575 1908 665 1964 urbem
672 1909 755 1965 rediit.
791 1909 860 1964 Exin
872 1909 957 1964 Gaesar
969 1910 1093 1980 cupidine

297 1983 383 2040 formae
401 1985 484 2040 aufert
501 1985 601 2051 marito,
623 1986 749 2041 incertum
766 2005 799 2040 an
817 1986 931 2051 invitam,
950 1985 1013 2041 adeo
1031 2006 1094 2059 pro-

297 2081 372 2133 perus
384 2066 421 2129 ut,
435 2082 467 2118 ne
479 2063 561 2134 spatio
574 2063 676 2134 quidem
692 2063 724 2118 ad
742 2064 890 2119 enitendum
906 2063 973 2128 dato,
987 2067 1094 2135 penati-

275 2140 344 2195 abus
357 2141 409 2195 suis
421 2140 550 2212 gravidam
561 2140 699 2196 induxerit.
735 2141 841 2195 Nullam
852 2141 961 2212 posthae
972 2141 1095 2198 subolem

296 2218 392 2285 edidit;
411 2218 456 2273 sed
467 2218 584 2290 sanguini
596 2218 710 2290 Augusti
721 2237 767 2289 per
779 2219 982 2290 conjunctionem
993 2220 1095 2292 Agrip-

296 2295 362 2366 pinae
396 2299 422 2351 et
453 2295 595 2351 Germanioi
624 2314 728 2363 annexa,
758 2315 904 2351 communes
933 2301 1094 2368 pronepotes

274 2372 392 2428 ohabuit.
429 2373 570 2428 Sanctitate
594 2373 684 2427 domus
702 2373 815 2444 priscum
832 2372 865 2427 ad
881 2391 986 2438 morem,
1005 2375 1094 2430 comis

295 2449 449 2520 ultraquam
461 2451 571 2522 antiquis
584 2450 685 2505 leminis
698 2449 842 2522 probatum,
855 2454 937 2505 mater
948 2451 1093 2522 impotens,
1141 2432 1143 2535 l

295 2544 360 2580 uxor
378 2527 467 2592 facilis,
487 2532 514 2582 et
538 2546 596 2582 oum
620 2526 719 2581 artibus
742 2527 834 2592 mariti,
856 2527 1019 2583 simulatione
1043 2529 1097 2585 filii
1141 2546 1143 2607 t

274 2601 359 2658 thane
376 2604 522 2674 composita.
558 2604 647 2658 Funus
665 2604 722 2674 ejus
742 2603 877 2670 modicum,
902 2608 1096 2661 testamentum

296 2679 340 2734 diu
350 2680 451 2734 irritum
465 2681 522 2736 suit.
558 2681 677 2735 Laudato
688 2684 728 2735 est
740 2699 786 2752 pro
798 2681 901 2737 Rostris
913 2700 929 2736 a
941 2681 971 2738 Ο.
985 2683 1097 2739 Oaesare

270 2761 440 2829 2pronepote,
460 2758 504 2828 qui
521 2775 580 2812 mox
599 2777 686 2812 rerum
704 2758 802 2828 potitus
820 2763 868 2815 est.
903 2761 941 2814 At
958 2760 1095 2826 liberius,

295 2834 363 2905 quod
375 2834 498 2905 supremis
510 2834 538 2888 in
549 2838 655 2888 matrem
668 2835 755 2891 offioiis
767 2835 897 2901 defuisset,
910 2837 975 2890 nihil
986 2841 1098 2892 mutata

294 2911 439 2967 amaenitate
450 2911 517 2974 vitae,
530 2911 730 2982 magnitudinem
746 2914 906 2985 negotiorum
923 2931 969 2983 per
985 2913 1097 2969 litteras

294 2988 424 3045 excusavit
432 3011 441 3057 ;
458 2989 616 3060 honoresque
637 2992 764 3046 memorie
781 2991 836 3062 ejus
854 2989 886 3045 ab
903 2993 996 3045 senatu
1015 2991 1097 3063 large
