2550 3500
183 394 296 446 mm
378 335 575 385 numanum
594 336 650 384 XV.
669 337 772 384 ὄ2-55,
926 339 972 387 365

183 464 263 517 peres,
274 444 450 502 taciturnitate
465 445 551 501 omnia
566 446 677 503 cohibita
695 446 755 515 siut,
771 444 850 501 donee
866 446 976 518 proditio

183 524 260 595 eoepit
277 542 292 579 e
309 524 384 579 domo
402 524 526 590 Scoeviui3
554 526 599 595 qui
621 524 703 596 pridie
726 522 875 579 insidiarum
894 524 977 579 multo

184 619 300 656 sermone
317 620 375 657 oum
393 602 506 657 Antonio
525 602 627 668 Natale,
647 601 706 657 dein
722 619 855 673 regressus
873 600 976 655 domum

183 681 366 733 testamentum
383 678 535 751 obsignavit,
553 682 700 751 promptum
717 678 810 751 vegim
829 677 975 748 pugionem,

185 754 216 811 de
233 774 285 825 quo
301 774 378 827 supra
392 757 489 825 rettuli,
505 760 635 811 vetustate
651 756 770 811 obtusum
788 756 920 825 increpans
938 772 976 809 as·

184 833 268 904 perari
284 851 346 887 saxo
363 836 391 887 et
408 833 436 887 in
452 852 597 889 mueronem
615 833 747 889 ardescere
762 832 848 905 jussit,
868 849 973 902 eamque

184 928 272 965 euram
294 909 385 965 liberto
408 910 514 966 Milicho
537 910 675 966 mandarit.
727 910 808 965 Simul
832 908 998 964 effluentiust

185 988 261 1044 solito
273 988 417 1043 convivium
427 988 528 1055 initum,
542 1005 673 1044 servorum
685 988 808 1043 carissimi
819 987 937 1043 libertate
949 990 976 1041 et

185 1066 229 1121 alii
250 1066 358 1137 pecunia
380 1066 474 1121 donati.
510 1068 598 1138 Atque
620 1066 676 1137 ipse
698 1068 802 1120 mestus
826 1069 853 1120 et
877 1080 999 1135 maguae

186 1143 347 1215 cogitationis
370 1144 521 1200 manifestus
536 1148 601 1209 erat,
627 1142 742 1215 quamvis
765 1142 880 1197 laetitiam
904 1141 977 1213 vagis

187 1220 343 1276 sermonibus
355 1221 493 1277 simularet.
528 1222 662 1276 Postremo
673 1219 820 1276 vulneribus
831 1220 999 1291 ligamentaa

187 1298 329 1369 quibusque
350 1298 451 1353 sistitur
471 1300 583 1371 sangnis,
604 1316 694 1369 parare
715 1296 824 1353 eundem
843 1297 976 1352 Milichum

187 1378 291 1440 monet3
310 1375 363 1429 sive
374 1394 481 1447 gnarum
493 1376 674 1447 conjurationis
686 1378 713 1429 et
726 1374 786 1429 illuo
797 1392 878 1445 usque
890 1373 977 1440 fidum,

188 1470 235 1506 seu
245 1451 358 1506 nescium
376 1457 403 1506 et
414 1457 478 1507 tuno
493 1453 602 1523 primum
616 1452 724 1523 arreptis
741 1450 935 1525 suspicionibus,
947 1458 978 1505 ut

187 1528 304 1601 plerique
315 1528 441 1585 tradidere
449 1528 480 1584 de
489 1530 709 1601 consequentibus,
744 1529 813 1585 Nam
823 1546 881 1583 eum
893 1540 1002 1587 seeume

188 1607 286 1663 servilis
312 1606 410 1662 animus
433 1608 536 1679 praemia
558 1608 669 1679 perfidiae
692 1607 829 1679 reputavit,
854 1604 978 1677 simulque

187 1684 311 1741 immensa
326 1684 434 1757 pecunia
451 1689 479 1740 et
495 1686 610 1757 potentia
626 1684 833 1752 obversabantur,
846 1682 923 1739 cessit
939 1682 978 1737 fas

189 1763 302 1818 etsalus
322 1765 472 1836 patroniet
493 1768 581 1835 aooept
582 1783 604 1820 a
569 1763 747 1819 libertatis
769 1763 896 1818 memoria.
931 1762 1000 1818 Ett

188 1841 256 1896 enim
271 1841 359 1896 uxoris
372 1859 472 1930 quoque
484 1841 617 1896 eonsilium
629 1844 801 1914 assumpserat
812 1839 934 1895 mnhebre
949 1857 980 1894 ao

189 1917 317 1973 deterius:
347 1919 440 1990 qnippe
460 1918 529 1974 ultro
549 1923 647 1976 metum
666 1919 750 1974 intent
738 1918 818 1986 ttaba
797 1917 980 1988 mtultosque

189 1995 302 2050 astitisse
317 1995 422 2051 libertos
437 2015 467 2052 ae
487 2015 582 2063 servos,
601 1997 661 2128 quit
665 1996 752 2052 eadem
766 1995 893 2061 videriut;
917 1992 981 2048 nihil

188 2072 276 2144 profut
277 2091 352 2127 urum
368 2074 446 2128 unius
463 2073 609 2141 silentium3
634 2077 661 2128 at
677 2073 781 2145 praemia
803 2090 880 2142 penes
901 2089 993 2124 unum

189 2152 253 2215 fore,
267 2169 312 2239 qur
303 2149 419 2205 indicio
435 2151 607 2220 praevenisset.
644 2149 730 2222 igitur
748 2153 815 2220 ooept
816 2168 831 2204 a
803 2149 902 2204 tluoe
912 2147 980 2202 Mih-
987 2143 1025 2200 55

190 2227 272 2282 ehus
264 2247 292 2282 m
302 2227 391 2282 hortos
404 2228 556 2283 Servilianos
575 2227 678 2300 pergit;
696 2231 723 2282 et
735 2245 793 2282 enm
804 2225 902 2281 foribus
914 2243 982 2280 aree-

190 2309 271 2370 retur,
283 2323 376 2376 magns
389 2308 416 2360 et
426 2305 523 2360 atrocia
531 2305 620 2360 afferre
628 2305 757 2371 dictitans,
768 2304 942 2375 deductusque
951 2303 982 2358 ab

188 2381 342 2454 janitoribus
354 2381 387 2436 ud
401 2381 522 2437 libertum
533 2382 645 2437 Neronis
657 2381 867 2453 Epaphroditum,
880 2399 940 2436 mox
952 2380 983 2436 ab

191 2476 223 2514 eo
235 2457 268 2512 ad
279 2458 418 2524 Neronem,
430 2478 525 2531 urgens
534 2459 682 2530 perieulum,
693 2477 783 2532 graves
793 2459 947 2530 conjuratos,
957 2462 984 2513 et

192 2538 343 2606 ceteraquae
359 2535 481 2607 audierat,
492 2536 685 2607 coniectaverat,
705 2536 787 2592 docet.
823 2537 912 2592 Telum
925 2541 1008 2608 quot

193 2629 244 2683 que
264 2611 292 2666 iu
308 2630 397 2667 necem
415 2613 471 2684 ejus
488 2619 606 2684 paratum
623 2613 744 2680 ostendit,
767 2613 891 2686 accirique
914 2631 986 2668 reum

192 2688 280 2762 jussit.
315 2689 344 2744 Is
356 2693 445 2760 raptus
456 2709 502 2761 per
514 2692 607 2746 milites
619 2695 646 2746 et
659 2690 832 2748 defensionem
844 2709 924 2756 orsus,
937 2690 1011 2749 fer-8

194 2765 349 2837 eumenius
366 2771 524 2838 argueretur,
540 2769 600 2823 olim
618 2769 741 2842 reiigione
758 2771 842 2843 patria
853 2771 949 2826 cultum
962 2773 989 2826 et

194 2845 225 2900 in
236 2843 354 2899 eubiculo
365 2843 481 2899 habitum
493 2862 523 2900 ae
534 2845 623 2902 fraude
633 2846 720 2903 liberti
732 2853 876 2919 surreptum
887 2866 990 2918 respon-

196 2921 245 2985 dit.
263 2921 373 2978 Tabnlas
380 2922 530 2978 testamenti
536 2924 724 2997 sepiusaseet
731 2925 887 2980 incustodita
893 2925 1013 2982 diemmt
