2550 3500
212 408 275 451 m
285 409 317 449 a·
402 344 598 395 ANNALIUM
614 344 685 393 XVI.
705 346 804 394 18-22
953 346 1000 399 aa?

212 457 281 513 haud
300 410 326 471 'l
358 460 393 524 ta,
412 462 440 514 et
460 458 512 530 ipsi
533 456 566 512 nd
588 475 690 513 omnem
710 454 840 512 libidinem
863 454 949 526 ascito,
969 474 1000 513 ao

212 533 333 590 Petronio
350 552 471 606 perquam
487 534 625 591 familiaris.
661 534 756 606 Agitur
775 533 803 588 in
818 533 928 600 exilium,
942 537 1022 589 tan-2

212 628 288 682 qnam
304 628 358 667 non
371 611 483 667 siluisset
498 630 555 683 que
570 611 669 667 viderat
686 609 881 683 pertuleratque,
897 612 998 682 proprio

182 748 188 759 ,
212 686 279 743 odio.
314 688 351 743 At
362 688 507 744 Minucium
518 688 656 744 Thermum
667 696 778 759 pratura
788 687 906 743 hmctum
917 688 999 759 'ligol-

211 764 259 820 lini
269 764 442 821 simultatibus
454 765 531 831 dedit,
540 766 599 836 quia
610 765 717 821 libertus
729 764 831 821 Thermi
843 764 955 836 quaedam
967 765 1000 821 de

212 840 336 913 Tigellino
348 842 481 898 criminose
498 841 632 908 detulerat,
646 860 702 913 quaa
720 842 873 897 cruciatibus
888 845 1000 898 tormen·

212 923 298 973 torum
307 919 369 989 ipse,
382 923 506 989 patronus
518 923 574 989 ejus
585 937 648 975 nece
659 919 786 974 immerita
796 919 886 974 lueret.

246 995 391 1051 'lhucidatis
407 1000 448 1051 tot
465 996 607 1068 insigmbus
623 997 693 1065 viris,
710 995 742 1051 ad
758 1002 914 1067 postremum
927 996 1042 1053 Neroll

212 1072 333 1127 virtutem
349 1073 430 1143 mam
443 1072 589 1129 exscindere
609 1074 753 1145 concupivit
772 1074 907 1129 interiecto
921 1073 1000 1127 Thra·

212 1166 257 1204 sca
274 1150 343 1205 Peto
357 1154 385 1205 et
401 1149 484 1205 Barea
500 1150 613 1218 Sorano3
631 1150 692 1206 olim
708 1151 823 1222 utrisque
840 1150 961 1218 infensus,
972 1154 1000 1205 et

212 1224 389 1283 recedentibus
401 1227 485 1281 causis
496 1227 525 1281 in
535 1227 680 1296 Thraseam
692 1228 761 1299 quod
772 1231 864 1283 senatu
882 1245 999 1299 egressus

212 1308 260 1367 est,
272 1321 331 1359 cum
347 1303 380 1359 de
391 1304 533 1378 Agrippina
548 1303 693 1370 referretur,
715 1310 745 1360 ut
762 1305 904 1370 memoravi,
922 1303 999 1375 quod·

126 1427 127 1450 ,
212 1398 261 1451 qne
271 1382 426 1452 jemoliurn
437 1380 535 1436 ludicro
546 1399 636 1452 parum
648 1382 810 1453 spectabilem
822 1400 923 1453 operam
935 1399 999 1451 prae-

211 1456 316 1524 buerat;
335 1476 414 1529 eaque
437 1458 543 1514 offensio
566 1458 643 1513 altius
666 1458 823 1530 penetrabat,
848 1458 908 1529 quia
928 1456 997 1512 idem

211 1534 323 1589 Thrasea
344 1535 452 1601 Patavii,
477 1534 545 1590 unde
568 1540 642 1590 ortm
662 1539 725 1600 crat,
746 1535 812 1590 ludis
835 1534 960 1605 nataae
983 1552 998 1588 a

212 1612 319 1684 lbojano
342 1614 472 1667 Antenore
490 1612 617 1667 institutis
635 1612 726 1667 habitu
745 1614 844 1683 tragico
864 1612 997 1667 cecinerat.

214 1689 262 1745 Die
273 1708 373 1762 quoque
384 1707 435 1760 quo
446 1695 541 1762 pretor
552 1689 681 1745 Antistius
693 1688 725 1745 ob
735 1688 827 1762 probra
834 1689 861 1743 in
868 1689 1021 1744 Neroncm2

212 1768 351 1839 composito
366 1766 400 1822 ad
412 1772 521 1822 mortem
536 1767 709 1832 damnabatur,
726 1767 828 1822 mitiora
843 1767 942 1822 censuit
956 1766 999 1822 ob·

211 1845 356 1916 tinuitqne;
368 1850 396 1900 et
407 1863 465 1900 cum
477 1844 553 1900 delum
563 1845 672 1900 honores
686 1845 803 1917 Poppaea
819 1843 997 1909 deoemnntur,

126 1960 127 1991 ,
212 1925 303 1993 sponte
314 1922 413 1988 absens,
426 1921 510 1977 funeri
521 1940 573 1977 non
584 1922 744 1978 interfuerat.
781 1923 846 1982 Qum
858 1921 1021 1978 oblitteratis

126 2028 127 2037 ,
211 2017 263 2072 non
285 1999 383 2054 sinebat
407 1999 499 2069 Capito
523 2000 697 2065 Cossutianus,
718 2005 809 2070 praeter
833 1999 943 2053 animum
966 1997 997 2053 ad

211 2076 309 2148 flagitia
328 2076 484 2148 precipitem
503 2077 605 2147 iniquus
621 2077 746 2141 Thrasea,
762 2075 830 2146 quod
846 2075 998 2130 auctoritate

211 2154 268 2225 ejus
286 2153 444 2218 concidisset,
464 2154 578 2224 juvantis
598 2153 705 2208 Cilicum
723 2152 827 2224 legatos,
846 2151 907 2206 dum
925 2151 998 2223 Capi-

211 2235 298 2287 tonem
309 2229 505 2302 repetundarum
517 2231 683 2301 interrogant.
720 2231 791 2288 Quin
798 2233 824 2284 et
836 2228 879 2283 illa
890 2228 998 2300 objecta·
1006 2237 1042 2290 22

211 2307 264 2376 bat,
281 2308 404 2379 principio
421 2308 480 2362 armi
492 2308 573 2362 vitare
590 2307 727 2361 Thraseam
743 2307 854 2361 sollenne
868 2305 998 2378 jusjuran-

212 2385 290 2452 dum;
306 2383 537 2455 nuncupationibus
556 2390 673 2438 votorum
693 2401 746 2437 nou
765 2383 860 2448 adesse,
883 2383 997 2452 quamvis

211 2462 427 2533 quindecimvirali
439 2460 579 2517 sacerdotio
590 2461 740 2532 praeditum3
759 2478 886 2530 nunquam
900 2477 946 2530 pro
959 2478 998 2514 sa-

126 2536 128 2585 l
210 2539 266 2595 lnte
281 2538 400 2611 principis
416 2543 462 2593 aut
476 2537 571 2594 calesti
586 2555 648 2592 voce
665 2537 850 2603 immolavisse;
868 2536 998 2592 assiduum

210 2617 272 2671 olim
294 2622 321 2671 et
344 2615 506 2680 indefessum,
531 2615 575 2686 qui
597 2613 744 2686 vulgaribus
768 2631 867 2686 quoque
896 2616 998 2684 patrum

210 2693 334 2749 consultis
355 2696 435 2748 semet
450 2692 576 2747 fautorem
594 2695 639 2746 aut
656 2690 826 2746 adversarium
843 2688 996 2754 ostenderet,

210 2771 320 2826 triennio
338 2789 388 2826 non
407 2770 527 2823 introisse
542 2768 654 2834 ouriam3
672 2769 872 2839 nuperrimeque,
891 2765 998 2821 eumad

126 2840 127 2849 ¹
210 2847 362 2903 coercendos
376 2848 487 2901 Silanum
499 2850 526 2900 et
537 2846 659 2902 Veterem
671 2845 786 2901 certatim
796 2845 996 2908 concurreretur,

210 2924 317 2998 privatis
341 2925 426 2993 potius
450 2922 577 2976 otentico
604 2923 713 2982 negotiis
737 2921 871 2977 vacavisse.
911 2921 1019 2976 Saces-2
