2550 3500
294 343 340 391 184
624 340 743 389 TACITI

920 402 955 450 [A.
964 402 993 441 11.
1002 403 1027 442 (t.
1036 401 1083 444 58⁵.

269 456 411 523 alanquem
433 451 546 507 referret.
583 451 712 522 Scipiones
729 452 784 506 bae
800 452 827 505 et
845 450 924 506 Silani
941 455 968 506 et
985 452 1082 515 Cassii

290 530 373 585 isdem
396 530 475 583 ferme
492 532 537 582 ant
554 527 657 598 paulum
680 528 821 583 bnmutatis
842 527 934 593 verbis,
953 547 1084 583 assevera-

289 608 359 661 tione
379 605 459 660 multa
477 605 620 672 censebant,
638 624 697 660 cum
714 609 818 675 repente
833 605 964 676 Togonius
981 606 1082 671 Gallus,

289 682 348 737 dum
378 682 562 754 ignobilitatem
589 701 662 737 suam
689 682 787 753 magnis
810 681 955 737 nominibus
978 682 1079 752 inserit,

267 774 333 831 uper
345 760 510 815 deridiculum
526 759 635 815 auditur.
671 760 739 815 Nam
756 759 894 831 principem
912 759 1001 815 orabat
1020 761 1082 819 deli-

287 857 347 909 gere
367 842 502 903 senatores,
524 856 556 893 er
576 838 636 909 quis
660 839 751 910 uiginti
773 842 842 892 sorte
866 837 937 893 ducti
959 842 987 893 et
1010 840 1080 896 ferro

287 916 399 980 accincti,
413 916 529 987 quotiens
541 916 636 970 curiam
647 916 747 981 inisset,
767 916 874 971 salutem
892 915 946 987 ejus
958 914 1080 974 deiende·

264 997 350 1049 trent.
387 992 534 1047 Crediderat
546 992 664 1047 nimirum
678 992 798 1063 epistola,
816 992 929 1047 subsidio
946 992 996 1048 sibi
1015 995 1079 1051 altc-

285 1087 342 1123 rum
354 1069 541 1125 exconsulibus
553 1070 688 1141 poscentis,
702 1074 732 1123 nt
748 1072 822 1124 tutus
833 1088 851 1123 a
864 1069 969 1141 Capreis
986 1071 1078 1127 urbem

263 1150 392 1216 apeteret.
436 1146 551 1202 Tiberius
575 1151 668 1212 tamen,
691 1145 801 1201 ludibria
823 1146 896 1201 scriis
924 1148 1077 1217 permiscere

284 1223 382 1290 subtus,
406 1224 459 1295 egit
482 1229 567 1295 grates
596 1222 777 1279 benevolentiae
799 1228 915 1295 patrum:
941 1224 988 1279 sed
1012 1244 1076 1296 quos

284 1300 368 1355 ouritti
380 1318 460 1372 posse,
474 1320 537 1372 quos
550 1300 646 1371 deligi?
664 1318 794 1371 semperne
806 1299 908 1355 eosdem
919 1318 953 1373 an
967 1301 1076 1358 subinde

284 1376 365 1433 alios?
383 1382 410 1433 et
421 1378 557 1433 honoribus
574 1378 721 1449 perfunctos
738 1395 771 1431 an
783 1377 896 1448 juvenes,
915 1376 1031 1447 privatos
1042 1399 1075 1434 an

283 1472 298 1509 e
310 1454 519 1526 magistratibus?
537 1474 612 1527 quam
630 1454 720 1509 deinde
732 1454 840 1525 speciem
852 1454 907 1509 sore
918 1456 1074 1512 sumentium
1136 1457 1138 1484 '

283 1531 311 1585 in
333 1532 417 1587 limine
441 1532 516 1588 curia
539 1531 655 1603 gladios?
673 1531 765 1602 Neque
788 1530 837 1586 sibi
859 1531 939 1585 vitam
956 1534 1075 1599 tantisi

260 1608 358 1663 tarmis
370 1608 479 1679 tegenda
492 1610 566 1664 foret.
608 1609 674 1665 Haec
689 1608 809 1663 adversus
824 1608 973 1681 Togonium,
986 1610 1072 1666 verbis

282 1687 413 1743 moderans
421 1711 429 1755 ;
447 1706 531 1758 neque
547 1688 615 1743 ultra
631 1687 792 1743 abolitionem
807 1688 940 1743 sententiae
956 1689 1072 1745 suadere.

256 1764 318 1819 3At
330 1765 435 1819 Junium
448 1765 594 1830 Gallionem,
608 1766 652 1836 qui
663 1769 795 1820 censuerat
807 1770 837 1820 ut
849 1765 994 1836 praetoriani
1005 1769 1071 1824 actis

281 1841 412 1912 stipendiis
426 1842 468 1912 jus
486 1842 659 1913 apiscerentur
676 1843 704 1897 in
721 1842 923 1913 quattuordecim
939 1843 1072 1900 ordinibus

280 1918 390 1988 sedendi,
402 1918 525 1974 violenter
542 1919 675 1990 increpuit,
688 1919 758 1974 velut
775 1938 859 1974 coram
874 1921 989 1991 rogitans
1006 1923 1072 1993 quid

279 1995 316 2050 illi
333 2014 391 2052 curn
405 1995 535 2061 militibus,
549 2015 612 2068 quos
629 2015 712 2067 neque
729 1995 798 2051 dicta
811 1996 970 2067 imperatoris
986 2017 1072 2070 neque

256 2073 381 2144 2praemia
405 2073 455 2128 nisi
478 2073 510 2129 ab
527 2074 679 2145 imperatore
696 2074 809 2144 accipere
826 2093 872 2145 par
889 2079 964 2129 esset.
1000 2076 1071 2148 Rap

278 2151 373 2222 perisse
396 2169 499 2223 prorsus
517 2151 586 2222 quod
606 2151 679 2207 dimus
699 2153 834 2222 Augustus
851 2169 904 2206 non
920 2153 1068 2222 providerit

276 2230 319 2283 An
339 2229 424 2300 potius
442 2228 591 2284 discordiam
609 2231 635 2284 et
653 2227 802 2283 seditionem
820 2246 835 2282 a
853 2227 964 2283 satellite
982 2229 1069 2302 sejani

277 2307 415 2375 quaesitam,
429 2325 479 2376 qua
490 2305 565 2362 rudes
578 2307 674 2361 animos
685 2305 786 2360 nomine
797 2305 900 2360 honoris
913 2305 945 2360 ad
956 2324 1068 2362 eorrum-
1087 2300 1093 2312 ’

253 2381 386 2452 apendum
397 2383 492 2438 militie
501 2402 596 2438 morem
605 2383 764 2454 propelleret.
794 2381 854 2436 Hoc
863 2383 974 2453 pretium
982 2384 1065 2439 Gallio

275 2457 403 2514 meditatae
423 2460 573 2516 adulationis
591 2461 659 2525 tulit,
679 2459 766 2514 statim
784 2459 861 2524 curia,
880 2459 971 2515 deinde
988 2460 1067 2517 Itmia

275 2539 397 2601 exactus3
415 2541 441 2591 et
453 2538 512 2608 quia
522 2537 686 2593 incusabatur
701 2535 774 2591 facile
791 2536 945 2591 toleraturus
962 2537 1066 2594 erilium

274 2613 372 2670 delecta
394 2614 486 2680 Lesbo,
511 2615 593 2670 insula
615 2614 696 2670 nobili
713 2618 739 2669 et
757 2633 862 2680 amoena,
880 2615 1021 2671 retrahitur
1037 2617 1065 2673 in

250 2691 362 2747 turbem
385 2691 578 2762 custoditurque
595 2691 711 2746 domibus
734 2691 938 2763 magistratuum.
975 2692 1062 2750 isdem

272 2768 364 2824 litteris
378 2769 462 2824 Caesar
474 2768 590 2823 Sextium
601 2769 772 2823 Paconianum
786 2768 933 2840 pretorium
943 2771 1062 2840 percidit,

271 2864 363 2918 magno
384 2849 486 2917 patrum
506 2844 606 2916 gaudie,
629 2844 757 2911 audacem,
779 2846 927 2913 maleficum,
947 2848 1063 2905 omnium

271 2928 369 2980 secreta
393 2923 533 2989 rimantem,
559 2921 737 2994 delectumque
759 2942 775 2978 a
798 2923 890 2995 Sejano
913 2927 988 2996 cujus
1012 2944 1061 2996 ope
