2550 3500
314 787 346 844 Ο.
384 783 646 842 CORNELII
685 780 872 842 TAOITI

344 941 391 994 AB
410 939 565 994 EXOESSU
581 939 665 993 DIVI
683 938 836 993 noceam

207 1048 1005 1180 Arsaniam

429 1265 538 1318 LIBER
556 1264 745 1320 SECUNDUS.

228 1529 350 1584 Sisenna
365 1526 466 1581 Statilio
481 1527 573 1593 lauro,
586 1528 617 1582 L.
627 1527 727 1583 Libone
747 1524 900 1592 consulibus,
917 1519 1011 1581 motal

160 1623 162 1626 ·
189 1605 306 1662 Orientis
321 1623 400 1677 regna
413 1605 598 1676 provinciaque
614 1606 743 1673 Romana,
755 1605 829 1660 initio
843 1603 909 1676 apud
926 1605 987 1658 Par·

189 1686 251 1739 thos
275 1687 339 1749 orto,
365 1683 409 1754 qni
435 1683 545 1753 petitum
571 1683 656 1738 Roma
682 1686 864 1755 acceptumque
891 1700 986 1754 regem,

190 1762 307 1833 quamvis
323 1760 408 1831 gentis
424 1760 611 1827 Arsacidarum,
624 1767 656 1817 ut
671 1765 806 1817 externum
821 1760 987 1833 aspernaban-

189 1845 243 1895 tur.
279 1840 308 1893 Is
319 1838 369 1893 suit
381 1838 509 1903 Vonones,
523 1838 597 1894 obses
608 1840 729 1911 Augusto
747 1838 823 1894 datare
837 1857 853 1893 a
867 1838 1011 1893 Phraates

190 1918 261 1973 Nam
272 1916 397 1971 Phraates
410 1934 554 1986 quanquam
566 1916 706 1987 depulisset
718 1916 846 1971 exercitus
859 1915 987 1987 ducesque

191 1996 330 2059 Romanos,
344 1996 437 2047 cuncta
447 1994 621 2048 venerantium
633 1994 715 2049 officia
726 1994 758 2049 ad
773 1996 920 2066 Angustum
933 2012 988 2048 ver-

189 2075 267 2136 terat,
278 2074 426 2141 partemque
438 2070 515 2141 prolis
527 2070 656 2126 firmandae
667 2071 783 2127 amicitia
795 2072 905 2136 miserat,
918 2069 988 2125 haud

189 2148 297 2221 perinde
320 2147 402 2203 nostri
425 2150 503 2213 metu,
524 2167 599 2219 quam
617 2149 677 2204 fidei
699 2148 859 2221 popularium
882 2147 986 2203 diffisus.

189 2228 257 2283 Post
277 2226 351 2279 finem
373 2224 491 2279 Phraatis
512 2229 539 2279 et
557 2227 717 2298 sequentium
737 2245 834 2298 regum,
856 2224 889 2280 ob
910 2225 1014 2285 inter-2

188 2324 237 2361 nas
250 2300 332 2358 eadee
343 2320 436 2357 venere
447 2303 475 2357 in
486 2302 575 2357 urbem
586 2303 665 2376 legati
677 2322 693 2357 a
708 2303 859 2374 primoribus
875 2303 986 2369 Parthis,

189 2382 236 2454 qui
257 2380 389 2435 Vononem
411 2380 614 2435 vetustissimum
634 2380 771 2436 liberorum
792 2381 847 2451 ejas
867 2380 986 2435 aecnent.

188 2456 359 2529 Magnificum
378 2456 406 2513 id
429 2457 478 2512 sibi
498 2457 605 2513 credidit
629 2458 722 2524 Caesar,
744 2458 865 2529 auxitque
888 2458 1012 2530 opibus.2

189 2539 226 2594 Et
238 2552 358 2605 accepere
369 2534 470 2590 barbari
481 2535 604 2601 letantes,
617 2540 648 2591 at
659 2535 739 2591 ferme
751 2535 783 2590 ad
794 2554 860 2590 nova
873 2534 987 2607 imperia.

189 2616 257 2670 Mox
268 2610 348 2666 subiit
360 2612 449 2683 pudor,
463 2612 655 2684 degeneravisse
669 2612 779 2667 Parthos
786 2635 794 2680 ;
812 2614 922 2685 petitum
939 2614 987 2668 alio
998 2618 1013 2665 3

190 2711 222 2747 ex
243 2689 306 2745 orbe
323 2706 418 2759 regem,
437 2690 549 2745 hostium
571 2690 669 2745 artibus
689 2690 828 2758 iniectum3
847 2691 900 2763 jam
921 2691 988 2746 inter

190 2765 335 2841 provincias
354 2766 484 2822 Romanas
505 2767 596 2822 solium
616 2768 796 2823 Arsacidarum
816 2768 903 2824 haberi
924 2768 988 2822 dari·

191 2866 249 2919 que.
285 2844 341 2899 Ubi
354 2846 423 2901 illam
439 2846 545 2917 gloriam
560 2847 744 2903 trucidantium
760 2848 889 2913 Crassum,
902 2850 1013 2902 entur-4

191 2925 306 2981 bantium
318 2924 467 2992 Antonium,
476 2924 499 2979 si
510 2925 663 2997 mancipium
675 2925 840 2992 Caesarisse
851 2943 897 2995 per
909 2942 988 2977 annos

191 3002 343 3059 servitutem
360 3020 516 3077 perpessum,
535 3002 638 3057 Parthis
655 3002 804 3073 imperitet?
825 2999 1014 3056 ascendebas

222 3096 280 3139 aaa,
290 3098 343 3131 ron.
352 3100 370 3131 1.
576 3096 594 3135 Β
