2550 3500
186 464 205 501 A
224 462 243 501 D
260 460 302 509 49]
379 394 574 446 ANNALIUM
591 394 655 444 XII.
673 395 773 443 15420.
928 396 974 443 243

186 512 305 574 Bnmani,
327 526 401 580 quem
419 508 580 563 incruentum
599 511 625 563 et
648 506 769 562 rictorem
788 504 867 560 tridui
884 503 975 559 itinere

185 588 299 643 abfuisse
323 587 354 641 ab
378 604 450 641 amne
473 586 552 640 Tanai
576 585 699 640 constitit.
736 583 787 637 Sed
808 583 836 638 in
858 593 1000 652 regressut

186 665 273 736 dispar
293 664 396 717 fortuna
415 662 473 727 fuit,
496 663 555 733 quia
573 662 676 717 navium
695 660 895 731 quasdamque
912 660 976 715 mari

185 740 340 806 remeabant,
364 740 392 795 in
415 740 491 795 litora
514 738 655 793 Taurorum
674 738 770 793 delatas
791 739 976 793 circumvenere

139 869 142 880 ,
184 818 295 883 barbari,
320 816 439 889 prefecto
464 816 574 871 cohortis
599 821 625 871 et
649 816 775 887 plerisque
799 816 976 871 centurionum

129 938 131 953 ,
185 896 336 950 interfectis.
372 894 476 949 Interea
495 892 669 958 Mithridates,
690 893 760 947 nullo
779 892 807 947 in
825 892 900 947 armis
917 891 1023 948 sublit

186 972 260 1039 sidio,
269 971 396 1027 consultat
405 974 478 1042 cujus
487 970 682 1025 misericordiam
693 970 857 1041 experiretur.
886 970 977 1024 Frater

186 1050 276 1121 Cotys,
297 1048 411 1120 proditor
430 1048 497 1113 olim,
518 1047 608 1103 deinde
624 1048 713 1115 hostis,
731 1047 906 1102 metuebatur:
925 1048 976 1102 Ro·

185 1144 319 1181 manorum
330 1142 404 1180 nemo
416 1124 442 1179 id
454 1125 613 1179 auctoritatis
626 1124 721 1189 aderat,
738 1128 769 1178 ut
783 1125 906 1195 promissa
920 1126 976 1196 ejus

185 1203 273 1275 magni
291 1202 468 1274 penderentur.
503 1202 545 1257 Ad
564 1202 689 1257 Eunonen
713 1201 846 1267 convertit,
868 1203 1001 1273 propriis2

186 1282 251 1336 odiis
263 1299 315 1335 non
325 1280 459 1344 infensum,
473 1284 499 1334 01
515 1297 603 1335 recens
618 1280 754 1351 conjuncta
766 1279 899 1335 nobiscum
918 1280 976 1334 ami·

186 1360 248 1414 citia
266 1356 384 1415 validum.
421 1356 506 1429 Igitur
525 1358 598 1413 cultu
620 1357 745 1429 vultuque
769 1376 844 1428 quam
867 1358 1000 1415 maximat

187 1435 219 1490 ad
238 1440 388 1507 presentem
406 1434 535 1489 fortunam
553 1440 698 1505 comparato
715 1435 812 1505 regiam
826 1434 975 1505 ingreditur,

186 1511 344 1585 genibusque
349 1512 403 1583 ejus
408 1512 565 1583 provolutus,
572 1511 781 1577 “Mithridatcs,’'
788 1512 879 1581 inquit,
889 1516 977 1566 “terra

186 1590 300 1660 marique
312 1590 434 1644 anauis
446 1608 491 1660 per
502 1592 543 1643 tot
555 1606 633 1643 annos
642 1589 770 1660 quaesitus,
780 1594 870 1659 sponte
879 1587 975 1643 adsum.

186 1668 277 1733 Utere,
298 1670 328 1721 ut
349 1666 425 1731 voles,
447 1666 518 1737 prole
539 1666 625 1737 magni
643 1665 810 1731 Achemenis,
832 1664 899 1737 quod
915 1666 977 1720 mihi

187 1744 270 1800 solum
288 1744 374 1800 hostes
393 1763 445 1798 non
466 1742 651 1798 abstulerunt.''
687 1745 723 1799 At
742 1742 862 1799 Eunones
876 1743 1022 1800 0111111119

187 1823 247 1877 dine
269 1822 324 1888 riri,
348 1822 490 1877 mutatione
513 1841 599 1876 rerum
622 1825 649 1877 et
669 1840 744 1894 prece
766 1821 835 1876 haud
858 1821 977 1894 degeneri

186 1905 326 1974 permotus,
348 1899 439 1954 allevat
459 1897 605 1970 supplicem,
624 1897 763 1971 laudatque
783 1898 852 1971 quod
874 1906 977 1972 gentem

189 1977 352 2042 Adorsomm,
367 1975 435 2048 quod
452 1995 524 2032 suam
541 1976 663 2043 dextram,
680 1976 797 2048 petenda
815 1976 895 2032 veniae
912 1977 979 2032 dele-

188 2055 263 2127 gerit.
299 2054 380 2109 Simul
392 2055 490 2126 legatos
508 2053 659 2124 litterasque
677 2053 709 2108 ad
727 2054 854 2109 Oaesarem
868 2055 1001 2110 1111111102

130 2149 131 2152 ’
187 2131 292 2188 modum
309 2131 406 2198 mittit;
425 2129 513 2204 populi
531 2131 642 2186 Romani
658 2130 861 2203 imperatoribus,
877 2150 980 2203 magna-

188 2229 247 2264 rum
257 2209 389 2264 nationum
400 2208 504 2281 regibus
516 2207 623 2278 primam
636 2227 669 2264 ex
687 2208 854 2263 similitudine
871 2208 979 2264 fortuna

189 2287 333 2350 amicitiam,
346 2285 433 2342 sibiet
446 2283 552 2340 Claudio
565 2285 641 2340 ctiam
655 2285 856 2341 communionem
868 2285 980 2342 victoriae

188 2380 254 2419 esse.
296 2361 426 2418 Bellorum
450 2361 565 2434 egregios
589 2361 660 2429 fines,
686 2363 804 2434 quotiens
827 2363 1018 2435 ignoscendoss'

188 2441 355 2513 transigatur.
392 2441 434 2496 Sic
458 2439 557 2495 Zorsini
580 2440 649 2496 victo
671 2439 736 2496 nihil
759 2443 882 2512 ereptum.
929 2443 981 2497 Pro

188 2518 349 2585 Mithridate,
372 2517 473 2590 quando
487 2517 590 2592 grauius
608 2522 756 2584 mercretur,
774 2536 827 2574 non
841 2521 981 2590 potentiam

129 2651 130 2668 ,
188 2615 272 2670 neque
283 2613 391 2668 regnum
399 2597 504 2667 precari,
513 2592 559 2651 scd
571 2614 602 2651 ne
614 2595 815 2667 triumpharetur
822 2615 886 2652 neve
894 2616 980 2668 poenas

129 2671 130 2698 ³
188 2677 273 2748 capite
291 2673 455 2746 expenderet.
491 2675 527 2728 At
547 2673 677 2740 Claudius,
698 2692 842 2746 quanquam
864 2674 1027 2731 nobilita-20

188 2755 259 2809 tibus
272 2751 384 2807 extemis
396 2751 473 2816 mitis,
488 2749 614 2806 dubitarit
626 2758 720 2820 tamen,
732 2752 845 2822 accipere
853 2752 981 2823 captivum

188 2833 266 2903 pacto
290 2829 378 2884 salutis
400 2845 433 2882 an
451 2831 566 2898 repetere
587 2829 663 2883 armis
683 2828 778 2884 rectius
801 2829 875 2884 foret.
911 2826 981 2883 Hinc

189 2908 263 2963 dolor
278 2906 427 2978 injuriarum
439 2909 466 2960 01
482 2903 559 2959 libido
571 2904 690 2961 vindictae
702 2905 826 2978 adigebat.
866 2905 917 2960 Sed
931 2905 1004 2966 dis-2

190 2984 323 3040 serebatur
344 2986 433 3038 contra
456 2982 552 3052 suscipi
574 2981 669 3036 bellum
693 2982 749 3037 avio
772 2983 871 3049 itincre,
889 2983 983 3055 impor-
