2550 3500
412 379 608 429 ANNALIUM
627 378 650 427 1.
666 381 769 427 23-28.
955 379 985 428 17

191 437 364 558 dedddibm
380 489 468 544 statim
485 491 565 546 tribui
580 495 700 564 possent;
719 494 804 546 cetera
818 487 919 545 senatui
935 507 987 545 ser·

190 563 279 629 nanda,
298 584 374 636 quem
391 585 474 638 neque
491 570 580 642 gratiae
597 588 680 640 neque
697 568 840 624 severitatis
856 577 988 640 expertem

189 643 277 698 baberi
289 662 335 714 par
347 649 423 700 esset.

224 721 388 792 Responsum
400 724 440 776 est
452 739 467 776 a
479 723 607 790 concione,
624 723 745 780 mandata
757 680 883 779 Clementi
899 726 987 779 eentu-
996 727 1034 784 26

190 799 255 854 riori
267 817 324 868 quae
339 798 471 870 perterret.
507 801 536 855 ls
552 800 654 856 orditur
670 802 701 858 de
713 802 833 857 missione
849 801 1012 857 asedecim2

190 875 270 944 annis,
287 875 319 931 de
337 877 446 947 praemiis
463 877 541 934 finitae
556 879 669 946 militiae3
686 883 718 934 ut
734 879 852 934 denarius
869 878 988 936 diurnum

190 953 346 1025 stipendium
363 953 445 1022 foret;
464 973 497 1010 ne
513 957 628 1012 veterani
649 957 697 1012 sub
714 956 806 1012 vexillo
826 955 987 1013 haberentur.

190 1031 232 1088 Ad
243 1051 274 1086 ea
285 1032 387 1086 Drusus
400 1050 457 1087 eum
469 1033 602 1090 arbitrium
614 1039 718 1090 senatus
733 1040 760 1090 et
771 1034 852 1106 patris
868 1033 988 1090 obtende-

190 1116 237 1174 ret,
260 1109 369 1165 clamore
388 1110 514 1166 turbatur.
553 1112 606 1167 Cur
624 1113 745 1178 venisset,
765 1131 847 1183 neque
866 1113 1012 1184 augendist

190 1187 300 1242 milituin
317 1187 457 1258 stipendiis,
470 1208 553 1260 neque
570 1189 715 1246 adlevandis
731 1190 866 1255 laboribus,
880 1189 989 1262 deniqne

191 1266 260 1322 nulla
277 1265 450 1322 benefaciendi
467 1267 588 1324 licentia?
607 1273 634 1323 at
651 1267 764 1323 Hercule
781 1267 886 1323 verbera
902 1275 929 1322 et
946 1287 989 1323 ne-

191 1363 246 1400 cem
265 1345 364 1400 cunctis
380 1346 502 1416 permitti.
538 1346 667 1402 liberium
683 1347 744 1402 olim
759 1347 861 1402 nomine
875 1347 1013 1419 Augmds

178 1428 316 1485 desideria
327 1429 456 1502 legionum
469 1430 587 1486 frustrari
596 1431 714 1486 solitum:
733 1430 833 1486 easdem
845 1435 913 1486 artes
923 1432 989 1487 Dru·

192 1526 248 1562 sum
265 1508 404 1564 rettulisse.
449 1508 621 1580 Nunquamne
639 1508 689 1564 nisi
706 1508 738 1563 ad
756 1527 783 1564 se
800 1508 865 1564 filios
886 1509 1015 1565 insiliat

192 1603 247 1640 rum
255 1587 398 1641 venturos?
416 1604 509 1641 novum
522 1585 549 1641 id
560 1586 642 1658 plane,
654 1585 722 1658 quod
734 1586 871 1658 imperator
882 1585 937 1641 sola
946 1587 992 1642 mi·

192 1663 244 1719 litis
257 1663 390 1720 commoda
402 1663 434 1718 ad
446 1671 563 1719 senatum
579 1665 684 1736 rejiciat.
720 1663 837 1720 Eundem
848 1682 910 1735 ergo
922 1671 1016 1723 sena-d

193 1750 248 1799 tum
260 1741 452 1809 consulendum,
464 1743 581 1814 quotiens
593 1743 717 1816 supplicia
729 1749 773 1798 eut
785 1742 871 1815 praelia
881 1741 992 1799 indican-

192 1825 242 1877 tur.
279 1822 323 1877 Au
335 1821 439 1893 praemia
450 1821 497 1877 sub
510 1822 625 1889 dominis,
638 1842 725 1895 poeuas
738 1823 793 1877 siue
805 1822 900 1878 arbitro
917 1822 991 1877 esset

226 1900 362 1955 Postremo
383 1900 504 1955 deserunt
522 1900 641 1967 tribunal,
660 1905 691 1955 ut
710 1900 766 1971 quis
785 1900 1036 1971 praetorianorum27

192 1978 302 2033 militum
320 1978 490 2033 amicorumve
508 1978 616 2033 Caeseris
634 1983 786 2043 occurreret,
804 1996 894 2033 manus
911 1978 992 2033 inten-

192 2060 286 2123 tantes,
303 2076 406 2112 oausam
424 2055 555 2111 discordiae
573 2060 600 2111 ct
616 2056 717 2110 initium
734 2074 868 2121 armorum,
885 2055 994 2110 maxime

193 2135 286 2191 infensi
298 2134 345 2189 Cn.
356 2134 475 2199 Lentulo,
490 2132 557 2205 quod
576 2134 606 2202 is,
623 2137 682 2188 ante
700 2132 761 2187 alios
777 2136 853 2188 aetate
871 2136 897 2187 et
913 2132 995 2204 gloria

193 2212 260 2279 belli,
275 2214 376 2268 firmare
389 2213 502 2267 Drusum
522 2211 673 2267 credebatur
684 2216 711 2266 et
726 2210 770 2265 illa
786 2210 882 2267 militiae
897 2210 995 2282 flagitia

192 2292 291 2362 primus
308 2290 445 2362 aspernari.
481 2290 538 2345 Nec
556 2289 637 2345 multo
655 2293 714 2361 post
734 2288 917 2360 digredientem
935 2302 1016 2347 cuma

192 2370 346 2434 Caesareae
362 2368 464 2440 provisu
485 2368 590 2439 periculi
606 2367 712 2423 hiberna
729 2375 813 2422 castra
828 2372 993 2438 repetentem,

192 2448 393 2511 circumsistunt,
406 2446 548 2517 rogitantes
561 2464 611 2517 quo
628 2450 754 2518 pergeret,
768 2444 800 2499 ad
817 2444 995 2516 imperatorem

192 2544 226 2581 an
238 2524 271 2579 ad
283 2530 376 2595 patres,
389 2529 420 2579 ut
432 2524 483 2579 illic
495 2542 595 2595 quoque
612 2523 749 2579 commodis
765 2522 892 2593 legionum
909 2522 995 2577 adver-

192 2608 302 2659 saretur.
340 2602 420 2657 Simul
437 2601 568 2673 ingmunt,
588 2620 650 2656 saxa
664 2601 772 2672 jaciunt.
807 2601 916 2671 demque
934 2599 1017 2671 lapi-3

192 2682 231 2739 dis
248 2681 305 2737 ictu
321 2684 443 2735 cruentus
460 2683 486 2733 et
503 2678 574 2733 exitii
590 2683 684 2745 certus,
697 2678 808 2734 adcursu
824 2677 995 2733 multitudinis

193 2778 250 2831 quae
262 2777 322 2813 cum
335 2757 422 2813 Druso
434 2756 570 2812 advenerat
582 2761 714 2827 protectus
726 2760 774 2811 est.

227 2836 341 2892 Noctem
353 2835 476 2891 minacem
489 2839 516 2889 et
528 2834 556 2889 in
568 2834 651 2889 scelus
663 2839 809 2906 erupturam
822 2832 875 2888 sors
890 2831 979 2887 lenivit
988 2849 994 2879 ε
1003 2834 1040 2885 28

194 2932 253 2969 nam
264 2914 327 2969 luna
338 2913 406 2969 elaro
423 2918 529 2985 repente
546 2912 607 2968 eaelo
625 2913 679 2967 risa
696 2912 867 2984 languescere.
903 2910 936 2964 Id
951 2909 1019 2962 mia

195 2992 239 3058 les,
251 2989 359 3047 rationis
377 2992 489 3064 ignarus,
503 3010 577 3047 omen
594 2991 756 3063 praesentium
776 2988 880 3059 accepit,
894 2986 947 3041 suis
961 2986 996 3041 la·

227 3094 373 3131 arenosas.
588 3084 603 3121 c
