2550 3500
296 360 344 407 380
634 353 754 402 TACITI

924 415 1088 477 mmmm.

295 469 447 525 rudimentis
464 467 566 523 affumse
585 465 681 534 videor,
698 463 793 537 grande
813 462 890 534 hujus
910 483 947 520 rer
967 467 1089 537 pretium.

273 550 332 604 adt
344 553 374 602 tu
386 547 492 619 gratiam
504 546 658 609 immensam,
669 544 825 597 innumeram
837 542 969 612 pecuniam
982 544 1091 599 circum-

296 624 396 689 dedisti,
407 624 469 679 adeo
476 626 507 676 ut
515 622 663 693 plerumque
670 620 739 675 intra
747 637 787 673 me
796 618 851 689 ipse
858 618 964 687 volvam,
974 621 1090 692 ‘Egone

296 702 408 773 equestri
428 704 455 755 et
475 698 621 770 provinciali
637 696 693 751 loco
711 700 791 762 ortus,
810 695 956 766 proceribus
974 697 1091 753 civitatis

296 778 469 834 annumcrcr?
486 777 554 830 inter
566 774 663 830 nobiles
682 776 708 828 et
724 772 800 844 longa
815 771 906 827 decora
923 773 1090 844 praferentes

274 857 395 915 cncritas
406 873 463 910 mea
474 853 586 908 enituit?
603 851 658 907 Ubi
675 854 715 905 cst
734 850 831 905 suimus
845 849 887 904 ille
903 849 1008 905 modicis
1027 870 1090 907 con·

296 934 405 988 tentus?
423 931 487 987 tales
510 931 598 985 hortos
622 927 726 992 extruit,
751 931 778 981 ct
801 945 847 997 per
867 927 920 983 htcc
941 927 1090 985 suburbana

296 1009 398 1078 incedit,
422 1012 448 1063 et
471 1008 551 1063 tantis
575 1024 695 1077 agrorum
718 1003 816 1075 spatiis,
841 1007 894 1059 tam
922 1004 974 1061 lato
998 1005 1089 1061 fenore

296 1087 418 1142 exuberat
425 1084 446 1141 l’
463 1085 524 1140 Una
535 1084 649 1139 defensio
660 1081 779 1146 occurrit,
793 1080 861 1151 quod
872 1082 1020 1137 muneribus
1033 1084 1088 1139 tuis

251 1168 290 1222 54
295 1164 377 1219 obniti
387 1182 439 1218 non
450 1162 533 1218 debui.
569 1160 620 1216 Sed
630 1168 740 1229 uterquc
751 1176 896 1223 mensuram
907 1159 1067 1230 implevimus
1080 1182 1087 1227 ;

295 1246 322 1298 ct
333 1242 393 1313 †tu,
405 1244 529 1312 quantum
540 1238 657 1310 princeps
668 1236 781 1291 tribuere
793 1234 873 1290 amico
885 1241 979 1307 posset,
988 1241 1016 1291 et
1028 1256 1085 1309 ego,

296 1323 419 1391 quantum
439 1318 534 1372 amicus
554 1314 697 1386 aprincipc
715 1312 844 1383 accipere:
863 1316 948 1367 cetera
964 1313 1087 1369 invidiam

274 1400 399 1468 naugent.
435 1395 500 1455 Quae
518 1392 628 1464 quidem,
647 1394 677 1445 ut
689 1389 778 1445 omnia
795 1388 918 1455 mortalia,
935 1390 1001 1444 infra
1012 1395 1086 1446 tuam

295 1472 495 1545 magnitudinem
516 1471 602 1542 jacct3
627 1467 673 1523 sed
696 1466 758 1521 mihi
781 1464 920 1522 incumbit:
939 1468 1003 1523 mihi
1026 1469 1085 1524 sub-

274 1550 446 1612 sveniendum
469 1551 517 1604 est.
553 1544 688 1605 Quomodo
711 1544 739 1598 in
761 1543 851 1597 militis
874 1548 918 1598 aut
937 1544 979 1599 via
1001 1545 1085 1601 lessus

230 1662 234 1669 ·
296 1628 474 1684 adminiculum
485 1644 590 1690 orarem,
609 1624 647 1679 ita
662 1623 690 1677 in
707 1622 755 1678 hoc
770 1622 862 1677 itincre
877 1622 943 1688 ritas,
963 1642 1041 1679 senex
1058 1630 1084 1680 et

295 1706 428 1763 levissimis
452 1721 551 1777 quoque
571 1701 639 1758 curis
658 1700 745 1772 impar,
768 1717 826 1756 eum
845 1717 905 1772 opes
925 1718 994 1756 mess
1015 1701 1084 1758 ultra

272 1785 421 1840 4sustincre
432 1801 483 1837 non
498 1781 601 1852 possim,
618 1777 763 1849 praesidium
780 1780 849 1848 peto.
885 1775 952 1834 Jubc
969 1797 1022 1834 rem
1038 1798 1083 1851 per

295 1864 470 1932 procuratores
482 1863 541 1912 tuos
553 1854 730 1920 administrari,
744 1854 850 1909 intuam
859 1853 987 1910 fortunam
996 1857 1082 1928 recipi.

294 1938 352 1993 Neo
374 1955 415 1993 mc
437 1936 466 1991 in
483 1936 659 2006 paupertatem
682 1932 736 2002 ipse
757 1930 898 1999 detrudam,
918 1931 963 1986 sed
981 1933 1083 1988 traditis

295 2033 403 2087 quorum
420 2012 520 2083 fulgore
535 2009 706 2082 prestringor,
727 2007 796 2080 quod
810 2009 932 2080 temporis
950 2009 1083 2066 hortorum

295 2096 340 2147 aut
362 2091 480 2148 villarum
502 2106 569 2144 cura
592 2087 731 2158 seponitur,
754 2085 781 2140 in
810 2085 921 2140 animum
950 2091 1081 2144 revocabo.

272 2172 417 2241 ssuperest
436 2167 484 2223 tibi
503 2165 588 2233 robur,
606 2168 635 2220 et
653 2167 694 2218 tot
714 2182 760 2235 per
778 2181 857 2218 annos
877 2164 961 2218 visum
984 2165 1082 2238 fastigii

294 2248 422 2318 regimen;
441 2262 575 2317 possumus
587 2242 698 2297 seniores
710 2241 783 2296 amici
795 2237 908 2311 quictem
919 2242 1080 2313 respondere.

295 2325 355 2380 Hoc
378 2341 478 2395 quoque
500 2321 529 2376 in
550 2325 622 2374 tuam
641 2318 745 2389 gloriam
767 2317 848 2384 cedet,
868 2337 913 2374 cos
932 2319 964 2374 ad
984 2338 1082 2375 summa

251 2402 394 2465 55vcxissc
412 2401 457 2472 qui
474 2407 500 2454 et
517 2398 616 2453 modica
631 2396 794 2451 tolerarent.’'
830 2395 873 2451 Ad
887 2415 943 2467 qua
957 2396 1029 2452 Nem
1046 2399 1082 2454 sic

295 2471 1082 2548 fermerespcndit:—“Quodmeditataeorationituaestatim

294 2549 1138 2625 wmmfflmmmmmmmmmmmnu

271 2638 395 2691 atanmm
405 2631 512 2703 pravisa
529 2629 575 2685 sed
589 2628 675 2684 subita
690 2627 808 2698 expedire
824 2625 939 2682 docuisti.
976 2627 1081 2684 Abavus

293 2729 365 2767 meus
376 2712 511 2780 Augustus
527 2707 648 2777 Agrippa
663 2707 690 2760 et
706 2703 842 2760 Maccuati
859 2722 982 2775 usurpare
1000 2706 1081 2762 otium

293 2792 352 2860 post
362 2786 461 2842 labores
472 2784 604 2850 concessit,
616 2781 701 2837 sedin
716 2799 747 2836 ca
761 2781 817 2852 ipsa
832 2784 915 2846 etate,
932 2782 1006 2851 cujus
1022 2797 1080 2838 auc-

292 2865 383 2920 toritas
392 2867 508 2918 tueretur
517 2858 637 2932 quioquid
646 2857 710 2914 illud
717 2862 743 2913 et
753 2857 925 2929 qualecunque
932 2857 1078 2927 tribuisset3

269 2946 323 2998 sac
333 2945 419 2999 tamen
433 2941 554 2995 neutrum
565 2937 632 2992 datis
647 2954 664 2991 a
680 2953 708 2990 se
724 2935 833 3007 praemiis
850 2935 928 2991 exuit.
962 2935 1034 2992 Bello
1051 2943 1077 2992 et
