2550 3500
278 388 309 434 aa
479 385 481 392 ·
610 385 730 440 rac1n1
1139 406 1140 447 ,

909 448 944 497 [Δ.
953 448 1065 490 uam
1139 450 1140 491 Ῐ

275 496 384 568 jactaret
401 496 468 568 apud
485 499 578 568 patres,
596 497 660 552 nulli
677 500 737 552 ante
757 497 931 552 Romanorum
951 497 1066 569 ejusdem

277 574 374 645 fastigii
393 574 448 630 viro
466 575 592 646 geminam
610 575 716 645 stirpem
735 574 837 630 editam.
871 571 942 629 Nam
964 579 1066 640 cuncta,

254 651 354 706 tetiam
366 651 479 717 fortuita,
493 650 524 706 ad
536 651 643 724 gloriam
655 651 778 707 vertebat.
815 650 865 706 Sed
876 651 970 722 populo
981 651 1027 705 tali
1039 651 1067 706 in

278 732 391 798 tempore
402 727 429 784 id
440 746 540 799 quoque
554 728 666 783 dolorem
677 728 745 797 tulit,
757 732 887 800 tamquam
904 732 996 784 auctus
1006 728 1068 784 liba·

279 805 314 858 ris
326 805 427 860 Drusus
439 804 541 860 domum
554 805 697 862 Germanici
707 805 789 877 magis
801 808 912 878 urgeret.

233 889 269 944 85
313 881 410 938 Eodem
420 900 487 938 anno
498 881 617 954 gravibus
634 885 738 938 senatus
756 882 864 938 decretis
875 881 953 937 libido
964 881 1068 936 femina
1141 920 1143 927 ·

279 977 336 1014 rum
352 959 467 1026 coercita,
483 963 636 1030 cautumque
652 979 685 1015 ne
701 964 827 1031 quaestum
842 977 948 1030 corpore
963 959 1069 1024 faceret,

279 1035 322 1091 cui
333 1053 394 1090 avus
407 1040 451 1091 aut
462 1041 535 1107 pater
547 1041 591 1092 aut
609 1037 717 1092 maritum
728 1055 805 1107 eques
824 1037 956 1091 Romanus
967 1036 1068 1091 fuisset.

256 1113 349 1168 avam
366 1113 469 1170 Vistilia
485 1113 605 1185 praetoria
624 1114 720 1169 familia
735 1113 823 1185 genita
839 1113 967 1168 licentiam
985 1112 1070 1184 stupri

281 1187 349 1260 apud
364 1190 448 1246 aediles
460 1190 614 1262 vulgaverat,
627 1209 698 1246 more
709 1191 776 1246 inter
788 1194 888 1244 veteres
902 1193 1012 1261 recepto,
1025 1190 1071 1261 qni

282 1267 344 1321 satis
356 1285 486 1338 poenarum
497 1267 631 1324 adversum
643 1267 782 1339 impudicas
798 1267 826 1322 in
836 1266 893 1338 ipsa
913 1267 1070 1338 professione

259 1345 373 1417 ansgisii
388 1345 530 1401 credebant.
566 1345 693 1400 Exactum
705 1351 732 1400 et
743 1343 864 1400 a'litidio
879 1343 998 1399 Labeone
1009 1343 1071 1398 Vis-

279 1423 344 1480 tiliae
361 1423 459 1488 marito,
479 1441 524 1480 cur
540 1423 567 1478 in
583 1441 671 1488 uxore,
688 1421 775 1478 delicti
790 1421 931 1487 manifesta,
946 1421 1071 1476 ultionem

258 1501 346 1573 slegis
357 1500 491 1556 omisisset.
526 1502 613 1571 Atque
624 1499 668 1556 illo
683 1499 855 1571 pretendente
867 1498 1000 1570 sexaginta
1016 1497 1071 1552 dics

281 1579 315 1634 ad
326 1577 519 1634 consultandum
531 1577 604 1634 datos
618 1576 724 1632 necdum
744 1576 893 1648 praeterisse,
906 1576 969 1632 satis
986 1575 1071 1632 visum

283 1655 315 1712 de
326 1655 429 1710 Vistilia
440 1659 569 1721 statuera3
588 1673 668 1724 eaque
679 1654 707 1708 in
721 1653 830 1708 insulam
842 1653 967 1724 Seriphon
982 1651 1070 1708 abdita

259 1740 330 1794 sest.
366 1734 462 1788 Actum
477 1731 547 1787 etde
563 1732 641 1787 sacris
657 1732 787 1804 AEgyptiis
803 1731 966 1803 Judaicisque
978 1729 1072 1802 pellan·

283 1811 322 1866 dis
331 1832 339 1876 ;
363 1810 508 1881 laetumque
524 1813 626 1881 patrum
644 1809 788 1865 consultum
805 1813 835 1864 ut
853 1813 974 1881 quattuor
991 1807 1072 1862 millia

283 1887 394 1943 libertini
411 1886 518 1959 generis,
537 1904 568 1941 ea
585 1886 766 1957 superstitione
787 1887 887 1954 infecta,
906 1886 963 1956 quis
981 1884 1074 1941 idonea

282 1974 352 2035 atas,
364 1968 392 2023 iu
403 1968 511 2025 irrsulam
529 1968 669 2023 Sardiniam
685 1969 845 2034 veherentur,
858 1966 1002 2024 coercendis
1020 1966 1073 2022 illic

282 2046 420 2103 latrociniis
443 2049 478 2111 et,
500 2045 523 2101 si
543 2044 575 2101 ob
596 2046 748 2117 gravitatem
770 2046 825 2101 coeli
847 2045 1001 2109 interissent,
1023 2043 1074 2099 vile

284 2122 403 2179 damnum
410 2146 418 2189 ;
436 2122 515 2179 ceteri
526 2122 644 2179 caderent
660 2123 743 2188 Italia,
756 2124 806 2179 nisi
823 2128 919 2179 certam
934 2120 1074 2176 antediem

239 2208 276 2263 86
285 2201 402 2273 profanos
426 2200 491 2255 ritus
514 2200 653 2255 exuissent.
688 2201 753 2256 Post
776 2218 833 2271 quas
861 2198 962 2255 rettulit
987 2197 1075 2253 Caesar
1144 2241 1145 2264 ,

284 2278 430 2349 capiendam
447 2277 571 2349 virginem
587 2277 716 2333 inlocum
737 2278 828 2342 Occiae,
853 2295 909 2348 que
930 2279 1027 2346 septem
1045 2278 1074 2329 et
1144 2275 1145 2360 J

285 2355 469 2428 quinquaginta
480 2373 525 2426 per
537 2373 616 2409 annos
629 2373 728 2411 summa
744 2354 909 2409 sanctimonia
926 2351 1074 2408 Vestalibus

285 2432 363 2487 sacris
379 2431 550 2503 praesedesat3
568 2432 672 2503 egitque
684 2437 770 2503 grates
786 2431 892 2485 Fonteio
907 2430 1028 2501 Agrippas
1046 2435 1075 2484 et
1144 2455 1145 2466 κ

285 2508 399 2565 Domitio
417 2508 532 2574 Pollioni,
547 2508 614 2580 qnod
626 2507 754 2563 offerendo
766 2508 829 2563 filias
841 2506 873 2562 de
885 2507 966 2563 officio
978 2507 1005 2561 in
1020 2524 1076 2561 rem

261 2585 412 2657 npublicam
432 2589 567 2641 certarent.
602 2585 713 2643 Proelata
735 2589 775 2641 est
796 2584 918 2641 Pollionis
940 2583 999 2648 filia,
1023 2600 1077 2637 non

242 2718 246 2723 ,
286 2662 320 2719 ob
341 2662 409 2719 aliud
430 2681 505 2735 quam
526 2660 594 2733 quod
612 2667 694 2717 mater
714 2662 771 2733 ejus
794 2660 823 2717 in
845 2660 934 2717 eodem
957 2659 1076 2731 conjugio

286 2740 419 2806 manebat;
437 2758 496 2795 nam
518 2740 633 2811 Agrippa
656 2738 761 2795 discidio
779 2738 882 2795 domum
905 2737 1076 2792 imminuerat.

287 2818 322 2875 Et
342 2818 434 2884 Cesar,
453 2817 567 2888 quamvis
588 2816 766 2888 posthabitam,
783 2815 866 2872 dedas
887 2814 1000 2871 sestertii
1016 2812 1078 2869 dcte

242 2903 277 2962 87
288 2898 383 2953 solatus
395 2901 443 2953 cst.
479 2896 606 2951 Saevitiam
621 2913 726 2951 annona
741 2894 874 2950 incusante
890 2892 971 2965 plebe,
984 2891 1078 2947 statuit

286 2975 418 3033 frumento
440 2974 551 3046 pretium
574 2972 643 3045 qvod
668 2975 770 3044 emptor
796 2970 925 3044 panderet,
953 2969 1078 3041 binosque
