2550 3500
179 413 197 449 A
217 410 237 448 D
256 410 298 459 28]
386 348 581 397 ANNALIUM
600 350 644 397 IV.
658 351 761 401 70—73.
929 352 975 403 175

177 460 281 514 lentum
298 459 326 513 in
342 458 494 526 meditando,
513 460 558 516 ubi
580 462 746 533 prorupisset,
763 460 881 518 tristibus
899 461 975 519 dictis

180 538 281 591 atrocia
293 536 361 591 facte
373 537 532 609 conjungere.

133 586 137 665 l
214 614 268 668 Per
280 613 348 668 idem
363 618 465 684 tempus
484 615 501 668 J
502 614 553 668 ulia
568 619 676 670 mortem
692 615 762 681 obiit,
776 634 854 687 quam
871 620 999 689 neptem6

180 694 318 763 Augustus
339 692 479 745 convictam
498 692 615 747 adulterii
633 693 803 761 damnaverat,
822 695 972 766 projecerat·

133 770 135 795 ⁴
179 769 270 838 quein
283 768 392 822 insudam
404 768 553 834 Trimerum,
565 769 632 823 haud
645 771 733 841 procul
744 771 835 841 Apulis
847 772 972 827 litoribus.

180 846 238 900 lllic
262 846 356 917 viginti
385 846 457 900 anuis
485 846 590 901 exilium
618 848 745 913 toleravit,
770 850 896 921 Auguste
925 858 997 921 ope?

180 926 344 988 sustentata3
364 941 420 992 quae
436 924 555 978 florentes
573 924 703 996 privignos
715 942 773 980 cum
789 944 834 996 per
845 927 974 982 occultum

180 1000 359 1065 subvertisset,
378 1000 574 1055 misericordiam
591 1020 653 1073 erga
669 1002 774 1057 afflictos
790 1003 872 1074 palam
889 1008 973 1059 osten-

180 1077 261 1131 tabat.

216 1153 318 1209 Eodem
342 1171 408 1207 auno
431 1153 514 1221 Frisii,
534 1154 734 1210 transrhenanus
750 1156 867 1227 populus,
885 1176 973 1229 pacem
985 1169 1021 1226 72

180 1250 284 1295 exuere,
302 1239 391 1285 nostra
402 1231 482 1302 magis
496 1232 607 1297 everitie,
622 1250 698 1303 quam
713 1231 828 1303 obsequii
842 1234 973 1305 impatien-

180 1312 230 1363 tes,
268 1307 405 1362 Tributum
419 1308 450 1362 iis
468 1308 569 1364 Drusus
585 1309 698 1380 jusserat
715 1310 849 1375 modicum,
867 1330 914 1381 pro
932 1326 997 1371 ern-2

180 1385 270 1457 gustis
280 1404 373 1450 rerum,
383 1388 413 1439 ut
423 1386 450 1439 in
461 1404 523 1439 usus
532 1386 655 1441 militares
665 1386 734 1441 coria
741 1385 818 1441 boum
827 1387 972 1457 penderent,

180 1481 235 1517 non
246 1463 347 1517 intente
364 1463 513 1534 cujusquam
531 1481 592 1517 cura
609 1482 666 1534 quae
683 1463 819 1528 firmitudo,
833 1483 889 1534 quae
906 1484 974 1520 men-

181 1559 261 1605 sura;
280 1540 360 1594 donee
371 1540 502 1605 Olennius,
516 1558 530 1595 e
542 1540 739 1611 primipilaribus
756 1541 873 1612 regendis
885 1541 973 1597 Frisiis

179 1617 324 1688 impositus,
346 1621 420 1687 terga
437 1636 542 1671 urorum
565 1616 661 1689 delegit
679 1636 787 1689 quorum
811 1618 843 1671 ed
867 1618 973 1674 formam

181 1695 365 1767 acciperentur.
389 1694 428 1760 Id,
442 1694 496 1750 aliis
510 1712 609 1766 quoque
622 1694 766 1750 nationibus
779 1694 892 1762 arduum,
906 1696 997 1768 apuds

182 1774 323 1827 Germanos
347 1772 470 1827 difficilius
493 1772 658 1838 tolerabatur,
676 1775 736 1843 quis
760 1773 903 1845 ingentium
922 1774 973 1830 bel-

180 1850 283 1905 luarum
294 1850 390 1904 feraces
403 1850 491 1915 saltus,
504 1849 603 1904 modica
618 1850 687 1904 domi
704 1856 819 1905 armenta
829 1855 898 1906 sunt.
933 1853 998 1909 Ac4

180 1927 265 1998 primo
283 1926 359 1982 boves
376 1928 453 1998 ipsos,
472 1945 532 1982 mox
550 1945 631 1998 agros,
647 1931 776 1998 postremo
793 1947 899 1999 corpora
915 1947 973 1984 con-

177 2005 274 2076 jugum
291 2009 335 2058 aut
352 2004 496 2070 liberorum,
509 2004 613 2059 servitio
629 2004 772 2060 trudebant.
809 2005 880 2060 Hinc
896 2006 935 2060 ira
946 2010 995 2062 etc

181 2084 297 2152 questus,
312 2085 345 2150 et,
357 2085 492 2152 postquam
504 2099 556 2135 non
570 2080 774 2147 subveniebatur,
787 2082 924 2136 remedium
940 2102 972 2138 ex

135 2197 136 2206 η
180 2158 258 2214 bello,
294 2157 380 2229 Rapti,
393 2158 438 2228 qui
454 2158 552 2213 tributo
570 2157 684 2223 ederant,
702 2158 796 2234 milites
813 2163 840 2212 et
857 2158 972 2229 patibulo

180 2235 261 2290 affixi.
309 2235 433 2290 Olennius
464 2235 576 2290 infensos
605 2234 668 2305 fuga
696 2235 826 2304 prevenit,
854 2240 996 2307 receptuse

180 2312 294 2378 castello,
314 2313 356 2368 cui
372 2331 464 2367 nomen
481 2313 604 2378 Flevum;
623 2318 651 2366 et
671 2311 740 2366 haud
760 2312 901 2383 spernenda
919 2313 972 2368 illic

179 2391 277 2446 civium
297 2390 472 2461 sociorumque
491 2407 581 2444 manus
602 2388 678 2442 litora
700 2389 796 2443 Oceani
812 2389 971 2460 presidebat.

180 2467 260 2527 Quod
274 2466 320 2522 ubi
331 2467 362 2521 L.
377 2467 489 2538 Apronio
505 2465 632 2521 inferioris
649 2466 790 2521 Germanis
801 2485 848 2537 pro
863 2472 971 2538 praetore
981 2475 1017 2532 73

179 2545 321 2617 cognitum,
333 2543 425 2599 vexilla
436 2545 564 2616 legionum
576 2561 591 2597 e
608 2543 737 2614 superiore
752 2544 888 2615 provincia,
901 2545 972 2616 pedi·

179 2626 288 2693 tumque
311 2624 338 2676 et
363 2621 478 2692 equitum
501 2619 660 2675 aurilianum
684 2619 795 2675 delectos
819 2622 917 2687 accivit,
942 2641 972 2677 ac

179 2699 259 2754 simul
281 2701 419 2768 utrumque
443 2698 583 2753 exercitum
606 2697 699 2752 Rheno
725 2697 858 2753 derectum
881 2699 971 2753 Frisiis

179 2776 277 2840 intulit,
299 2775 383 2830 soluto
404 2775 457 2844 jam
476 2775 573 2830 castelli
590 2773 689 2829 obsidio
706 2780 732 2830 et
750 2775 783 2830 ud
800 2794 847 2830 sua
863 2774 972 2830 tutanda

180 2851 302 2924 digressis
314 2851 457 2907 rebellibus.
492 2851 577 2924 Igitur
584 2852 700 2922 proxima
706 2852 824 2907 aemuaria
835 2851 994 2924 aggeribusn

180 2937 208 2985 et
219 2929 341 3002 pontibus
352 2928 508 2985 traducendo
524 2929 634 3002 graviori
650 2930 746 3002 agmini
756 2930 849 2985 firmat.
885 2931 970 3000 Atque
