2550 3500
191 457 296 506 mnu]
394 395 589 444 ANNALIUM
608 393 645 444 11.
656 395 759 447 44-47.
944 388 978 439 78

191 507 323 578 deceperit,
348 524 440 578 magns
462 525 520 562 cum
544 507 613 562 clade
635 507 775 562 Germaniae
795 508 822 562 et
839 504 979 578 ignominia

190 603 243 650 arra,
255 603 313 640 cum
325 585 426 656 conjux,
439 603 498 640 cum
514 586 582 640 filius
598 587 654 657 ejus
668 585 801 640 servitium
816 584 898 639 adhuc
915 584 978 638 tole·

189 665 254 716 rent.
289 661 326 715 At
338 679 372 726 so,
383 661 515 717 duodecim
524 662 666 734 legionibus
677 662 787 733 petitum
796 661 861 717 duce
868 661 1000 726 'liberiqz

189 739 310 793 illibatam
330 739 513 794 Germanorum
537 740 643 811 gloriam
667 739 813 804 servavisse,
838 757 898 792 mox
921 755 979 792 con·

189 815 327 870 ditionibus
339 817 417 886 aequis
432 815 588 884 discessum
606 834 689 888 neque
700 817 821 888 penitere
834 815 902 887 quod
913 815 979 885 ipso-

188 911 246 948 rum
257 893 285 946 in
298 911 375 946 manu
389 893 432 958 sit,
445 893 573 965 integrum
588 894 722 949 adversum
739 893 869 948 Romanos
883 891 979 947 bellum

189 989 222 1024 an
240 987 326 1041 paoem
343 969 501 1025 incruentam
519 971 616 1025 malint.
653 971 704 1025 His
721 970 827 1025 vocibus
844 970 1000 1024 instinctost

189 1047 315 1102 exercitus
335 1048 442 1118 propriae
463 1066 563 1119 quoqne
583 1065 666 1103 causa
686 1047 857 1112 stimulabant,
883 1065 942 1102 oum
965 1063 981 1100 a

190 1124 326 1180 Channunia
342 1124 568 1197 Langobardisque
585 1143 632 1196 pro
650 1126 754 1197 antiqno
772 1125 863 1179 decore
881 1127 926 1178 ant
943 1141 981 1178 re·

189 1201 258 1257 oenti
269 1201 394 1269 libertate,
409 1205 436 1256 et
452 1206 542 1258 contra
557 1202 679 1274 augenda
693 1201 858 1257 dominationi
873 1205 981 1256 certare-

188 1283 241 1334 tur.
277 1279 339 1332 Non
350 1279 410 1333 elias
419 1279 513 1351 majore
522 1279 588 1334 mole
601 1297 758 1344 concursum,
768 1298 851 1350 neque
863 1278 1004 1350 ambigunt

189 1355 271 1426 magis
283 1359 383 1420 eventu,
396 1355 460 1410 fusis
475 1356 603 1426 utrimque
615 1355 712 1410 dextris
730 1356 856 1411 cornibus.
893 1354 981 1426 Spera-

189 1433 316 1502 baturque
326 1449 428 1488 rursum
440 1449 533 1504 pugna,
546 1433 573 1487 ni
585 1432 760 1488 Maroboduus
772 1436 856 1487 castra
866 1432 894 1486 in
905 1431 982 1486 colles

189 1509 361 1565 subduxisset.
398 1509 431 1564 Id
448 1509 549 1581 siguum
566 1510 677 1580 perculsi
694 1509 761 1575 iuit3
786 1513 813 1564 et
830 1508 1003 1580 transfugiis5

189 1587 312 1658 paurlatim
328 1586 440 1642 nudatus
457 1587 485 1640 in
502 1587 698 1642 Marcomannos
713 1586 846 1651 concessit,
862 1585 981 1655 misitque

189 1665 288 1736 legatos
306 1663 338 1718 ed
353 1663 481 1719 Tiberium
498 1668 614 1719 oraturos
632 1664 732 1719 auxilia
769 1664 929 1734 Responsum
942 1667 1005 1722 ests

189 1742 306 1815 nonjure
324 1760 382 1797 eum
397 1741 517 1797 adversus
534 1741 676 1798 Cheruscos
694 1761 764 1797 arma
780 1743 896 1797 Romana
913 1740 983 1795 invo-

190 1839 255 1887 care,
270 1820 313 1891 qni
329 1824 471 1891 pugnantes
488 1820 515 1874 in
526 1820 634 1875 eundem
650 1822 750 1875 hostem
766 1821 895 1875 Romanos
913 1818 984 1873 nulla

190 1915 239 1969 ope
260 1896 378 1969 juvisset.
426 1896 524 1952 Missus
544 1900 631 1952 tamen
650 1898 760 1964 Drusus,
784 1901 815 1952 ut
838 1895 982 1961 retulimus,

191 1974 249 2046 paci
260 1974 382 2029 firmator,

225 2050 324 2106 Eodem
336 2067 401 2105 anno
418 2048 550 2105 duodecim
562 2050 673 2107 celebres
691 2052 760 2107 Asin
776 2049 853 2106 urbes
868 2048 1027 2121 collapsas47

190 2132 316 2183 nonturno
328 2132 400 2182 motu
409 2131 484 2182 terrae
492 2150 499 2194 ;
518 2146 569 2199 quo
578 2128 737 2200 improvisior
746 2129 896 2200 graviorque
904 2127 984 2197 pestis

189 2206 250 2261 init.
286 2206 378 2277 Neque
388 2206 490 2261 solitum
503 2206 530 2261 in
541 2207 586 2261 tali
603 2226 664 2262 casu
676 2208 798 2280 effugium
809 2204 1006 2269 subveniebat,2

190 2286 219 2339 in
231 2287 320 2355 aperta
334 2282 521 2353 prorumpendi,
539 2284 599 2354 quia
617 2284 728 2339 diductis
741 2283 818 2339 terris
833 2281 985 2337 haurieban-

190 2365 244 2416 tur,
282 2359 382 2415 Sedisse
393 2360 528 2415 immensos
538 2364 645 2427 montes,
654 2361 745 2416 visain
753 2360 832 2420 arduo
844 2378 900 2430 quae
911 2358 986 2429 plana

190 2438 298 2503 fuerint,
307 2438 431 2493 effrulsisse
440 2439 507 2493 iuter
518 2439 617 2493 ruinam
629 2440 701 2513 ignes
713 2442 861 2493 memorant.
891 2439 1007 2508 Asper-3

191 2518 259 2573 rima
276 2516 303 2571 in
322 2516 456 2572 Sardianos
473 2517 528 2571 lues
544 2516 681 2588 plurimum
693 2518 721 2571 in
732 2516 832 2572 eosdem
845 2516 985 2571 misericor·

192 2595 242 2649 diae
266 2592 362 2649 traxit:
389 2612 448 2648 nam
466 2594 561 2649 centies
580 2595 727 2649 sestertium
743 2594 872 2666 pollicitus
890 2592 984 2657 Caesar,

191 2676 219 2727 et
238 2674 364 2743 quantum
385 2672 472 2725 sereno
493 2675 538 2725 aut
553 2672 614 2726 fisco
634 2670 785 2741 pendebant,
801 2671 828 2725 in
848 2670 986 2741 quinquen-

192 2750 266 2803 nium
283 2748 390 2803 remisit.
426 2748 562 2818 Magnetes
581 2766 596 2803 a
614 2748 700 2820 Sipylo
719 2748 828 2819 proximi
845 2747 937 2801 damno
957 2759 1010 2805 aca

192 2825 305 2880 remedio
338 2824 426 2879 habiti.
462 2824 587 2889 TemnioS,
612 2825 830 2897 PhiladelphenoS,
854 2824 986 2893 AEgeatas,

193 2901 422 2973 Apollonidienses,
442 2902 535 2972 quique
552 2902 668 2957 Mosteni
685 2907 730 2957 aut
747 2900 901 2957 Macedones
919 2897 988 2965 Hyr·

195 2982 255 3033 cuni
278 2982 410 3044 vocantur,
432 2984 459 3033 et
482 2980 705 3045 Hierocaesaream,
724 2979 861 3050 Myrinam,
881 2974 987 3043 Cymen,
