2550 3500
184 429 203 465 A
221 427 241 464 D
257 426 301 473 4⁷]
408 364 602 413 ANNALIUM
619 365 666 411 XI.
679 367 750 412 4—8.
925 368 971 415 217

130 470 132 533 i
185 476 364 530 Meminissent
385 476 441 539 Caii
460 477 543 531 Asinii
566 480 592 531 et
612 476 738 543 Messalae,
757 494 787 531 ac
805 476 997 531 recentiorumt

183 553 303 615 Arruntii
319 556 345 607 et
357 552 501 609 AEsernini:
521 554 553 609 ad
569 573 667 610 summa
680 558 812 625 provectos
828 554 974 625 incorrupta

182 632 238 685 vita
249 634 276 684 et
288 630 412 685 facundia.
449 631 520 686 Talia
532 632 630 687 dicente
643 630 745 686 consule
759 630 898 702 designato,
916 638 997 685 con-5

182 706 352 762 sentientibus
365 707 428 773 aliis,
441 709 576 779 parabatur
589 709 715 764 sententia
726 727 777 779 qua
787 708 844 779 lege
855 713 974 779 repetim-

182 785 274 839 darum
296 788 462 851 tenerentur3
493 804 551 841 cnm
577 787 680 841 Suillius
704 790 730 840 et
755 785 923 841 Cossutianus
947 789 974 840 et

181 862 269 929 ceteri,
289 862 402 932 quinon
418 863 549 933 judicium,
570 864 675 935 (quippe
692 864 721 918 in
737 863 908 933 manifestos)
927 863 974 918 sed

181 957 284 1009 pmnam
303 940 383 994 statui
403 939 531 1007 videbant,
549 941 740 995 circumsistunt
760 940 892 1005 Casarem,
914 946 974 996 ante

181 1020 241 1071 acta
259 1016 432 1087 deprecantes.
475 1018 510 1073 Et
534 1026 669 1090 postquam
692 1017 788 1083 adnuit,
813 1036 888 1089 agere
911 1018 999 1078 inci-7

181 1094 272 1163 pinnt:
292 1112 367 1164 quem
378 1094 450 1149 illum
461 1099 534 1149 tanta
545 1095 664 1167 snperbia
677 1113 740 1159 esse,
757 1099 787 1149 ut
804 1096 973 1151 aeternitatem

181 1171 256 1227 samse
280 1190 326 1241 spe
348 1174 503 1242 praesumat?
531 1173 599 1227 Usui
619 1176 646 1227 et
660 1172 735 1227 rebus
752 1172 892 1227 subsidium
908 1186 996 1243 prae-2

179 1248 273 1319 parari,
286 1266 319 1303 ne
331 1249 387 1318 quis
399 1248 485 1320 inopia
496 1248 675 1304 advocatorum
686 1248 833 1319 potentibus
845 1249 971 1304 obnoxius

130 1370 131 1389 ,
179 1325 222 1381 sit.
260 1325 354 1396 Neque
373 1329 459 1381 tamen
480 1326 650 1397 eloquentiam
673 1326 786 1397 gratuito
809 1326 997 1397 contingerezs

130 1396 131 1407 ¹
179 1402 268 1459 omitti
288 1420 361 1457 cursu
380 1404 522 1469 familiares,
540 1408 570 1458 ut
589 1404 646 1475 quis
663 1422 690 1458 se
707 1403 794 1457 alienis
809 1403 919 1474 negotiis
936 1404 973 1458 in-

178 1479 279 1535 tendat.
316 1480 414 1535 Multos
426 1481 524 1545 militia,
538 1480 659 1551 quosdam
672 1479 810 1535 exercendo
823 1498 897 1552 agros
909 1480 998 1545 tole-4

177 1576 237 1613 rare
249 1557 343 1623 vitam3
361 1558 424 1613 nihil
436 1576 452 1612 a
463 1576 589 1629 quoquam
607 1557 699 1627 expeti,
716 1557 766 1611 nisi
783 1557 856 1627 cujus
873 1558 973 1612 iructus

177 1638 241 1689 ante
260 1633 407 1705 providerit.
444 1634 528 1689 Facile
551 1634 669 1689 Asinium
688 1637 714 1688 et
738 1633 883 1701 Messalam,
905 1635 996 1695 intere

175 1711 323 1768 Antonium
335 1717 362 1766 et
373 1716 522 1784 Augustum
533 1710 654 1766 bellorum
669 1710 778 1783 praemiis
792 1712 908 1777 refertos,
927 1716 973 1768 ant

176 1790 274 1845 ditium
297 1790 449 1845 familiarum
472 1789 577 1844 heredes
601 1790 750 1844 AEseminos
776 1793 803 1844 et
826 1791 971 1856 Arruntios,

174 1885 302 1938 magnum
326 1867 437 1922 animum
460 1867 580 1922 induisse.
629 1867 752 1938 Prompta
775 1867 824 1922 sibi
847 1867 998 1939 exemplau

175 1943 284 2015 quantis
295 1943 453 2000 mercedibus
466 1945 496 2000 P.
510 1944 614 1998 Clodius
628 1948 672 1998 ant
691 1944 720 1998 0.
734 1944 813 1998 Curio
831 1945 973 2000 concionari

174 2021 250 2076 soliti
262 2021 322 2075 sint.
359 2022 392 2076 Se
403 2021 516 2076 modicos
528 2025 666 2086 senatores,
680 2021 724 2092 qni
735 2021 822 2091 quieta
832 2040 860 2075 re
872 2021 996 2092 publioa7

173 2098 251 2154 nulla
272 2097 322 2154 nisi
340 2099 409 2169 pacis
427 2099 596 2153 emolumenta
611 2102 736 2168 peterent.
773 2098 905 2169 Cogitaret
921 2099 973 2168 ple-

174 2175 245 2241 bem,
260 2193 316 2246 quae
328 2180 390 2246 toga
401 2175 559 2230 enitesceret.
597 2175 710 2230 Sublatis
726 2174 868 2230 studiorum
884 2175 973 2245 pretiis

175 2255 257 2311 etiam
270 2251 356 2308 studia
366 2253 487 2324 periture.
523 2253 563 2306 Ut
575 2251 658 2306 minus
670 2251 761 2306 decora
776 2252 838 2315 haec,
851 2252 888 2306 ita
904 2252 996 2306 hands

174 2333 278 2386 irnstra
291 2329 360 2384 diota
371 2330 487 2401 princeps
499 2333 579 2398 ratus,
592 2328 721 2400 capiendis
738 2329 852 2399 pecuniis
869 2329 973 2384 modurn

174 2408 317 2480 †statuit†
336 2426 418 2478 usque
437 2407 470 2462 ad
490 2407 555 2462 dena
575 2406 701 2471 sestertia,
723 2424 799 2477 quem
818 2407 915 2477 egressi
934 2425 973 2462 re·

130 2521 131 2544 r
174 2484 350 2558 petundamm
361 2487 517 2540 tenerentur.

213 2562 269 2620 Sub
293 2561 360 2616 idem
383 2566 483 2633 tempus
513 2559 685 2625 Mithridates,
710 2579 786 2631 quem
812 2560 1000 2632 imperitiusse8

175 2639 315 2704 Armeniis,
328 2639 411 2709 †mox
420 2638 517 2710 jussu†
525 2637 631 2694 Caesaris
644 2637 758 2692 vinctum
765 2639 908 2703 memoravi,
920 2657 972 2692 mo·

175 2723 255 2774 nente
274 2715 381 2772 Claudio
399 2717 426 2770 in
443 2735 550 2787 regnum
567 2715 696 2780 remeavit,
714 2715 776 2770 fisus
795 2715 971 2770 Pharasmanis

176 2796 278 2867 opibus.
326 2795 354 2848 Is
378 2811 424 2848 rex
447 2793 536 2859 Iberis,
561 2793 678 2864 idemque
702 2792 861 2847 Mithridatis
884 2792 996 2855 fratem

130 2895 131 2944 j
176 2874 313 2930 nuntiabat
327 2872 470 2929 discordare
485 2872 603 2938 Parthos,
622 2889 769 2942 summaque
786 2870 884 2941 imperii
896 2868 971 2922 ambi-

176 2972 234 3024 gua,
261 2951 361 3006 minora
384 2950 439 3006 sine
463 2967 524 3006 cura
546 2949 641 3004 haberi.
677 2949 746 3003 Nam
768 2947 836 3002 inter
857 2945 996 3000 Gotarnisss
1051 2977 1057 2990 ·
