2550 3500
307 355 353 402 118
575 358 578 367 ·
638 354 757 403 TACITI

941 416 1098 465 [succro.

305 465 362 529 rati,
375 464 529 519 restantibus
541 464 640 519 laminis
656 465 788 519 adversum
805 465 857 536 pila
872 469 898 521 et
915 466 1027 537 gladios3
1047 470 1100 523 sed

305 542 376 595 miles
388 542 510 612 correptis
522 542 653 596 securibus
666 546 692 596 et
708 542 825 607 dolabris,
843 546 874 597 ut
886 542 909 596 si
924 562 1023 597 murum
1037 562 1100 613 per-

304 621 441 687 rumperet,
455 617 550 672 ceedere
562 618 675 689 tegmina
687 622 713 673 et
723 637 841 689 corpora3
860 618 962 689 quidam
973 620 1098 677 trudibus
1147 631 1149 726 p

305 698 350 748 aut
373 694 452 749 furcis
476 694 582 749 inertem
606 696 697 749 molem
720 701 880 767 prosternere
887 719 895 763 ;
920 697 1097 767 jacentesque,

304 772 373 827 nullo
385 772 417 827 ad
428 772 610 844 resurgendum
624 773 690 838 nisu,
710 774 782 844 quasi
798 774 925 828 exanimes
942 774 1098 845 linqueban-

281 852 355 903 7tur.
392 850 507 905 Sacrovir
518 850 599 920 primo
615 851 838 921 Augustodunum,
855 850 914 905 dein
930 856 1001 905 metu
1019 852 1098 907 dedi-

303 926 380 981 tionis
393 928 419 981 in
430 927 514 981 villam
527 927 693 997 propinquam
705 946 764 982 cum
775 927 902 982 fidissimis
911 928 1002 999 pergit.
1033 928 1098 984 Illic

304 1021 351 1057 sua
373 1022 456 1069 manu,
480 1004 570 1075 reliqui
592 1005 689 1058 mutuis
712 1004 805 1058 ictibus
823 1004 944 1059 occidere.
980 1005 1097 1061 Incensa

257 1085 295 1145 47
305 1098 381 1150 super
403 1080 463 1135 villa
486 1099 572 1135 omnes
596 1080 725 1135 cremavit.
760 1080 826 1134 Tum
850 1080 950 1135 demum
973 1080 1097 1137 Tiberius

304 1160 388 1211 ortum
412 1162 591 1228 patratumque
620 1156 715 1212 bellum
743 1156 844 1211 senatui
867 1158 983 1228 scripsit;
1007 1176 1097 1229 neque

304 1233 412 1303 dempsit
425 1239 469 1289 aut
482 1234 578 1288 eddidit
589 1252 658 1296 vero,
672 1232 717 1287 sed
734 1232 782 1288 fide
794 1251 823 1288 ac
836 1237 932 1289 virtute
943 1234 1049 1304 legatos,
1063 1254 1097 1291 se

280 1310 423 1379 2consiliis‚
436 1312 598 1382 superfuisse.
620 1322 623 1329 '
636 1309 717 1364 Simul
733 1328 821 1365 oensem
838 1328 884 1365 cur
901 1329 952 1365 non
963 1312 1024 1381 ipse,
1038 1327 1097 1368 non

303 1386 412 1452 Drusus,
425 1388 534 1458 proiecti
551 1386 622 1441 adid
639 1386 733 1441 bellum
749 1387 840 1452 forent,
860 1386 982 1457 adjunxit,
995 1390 1096 1459 magni-

303 1462 415 1519 tudinem
429 1464 527 1535 imperii
541 1464 673 1528 extollens,
690 1482 772 1534 neque
790 1463 908 1519 decorum
925 1464 1093 1535 principibus,

304 1540 326 1594 si
346 1559 397 1595 una
417 1542 526 1597 alterave
549 1542 638 1596 civitas
663 1541 759 1606 turbet,
780 1542 873 1595 omissa
889 1541 960 1607 urbe,
978 1541 1046 1596 unde
1063 1543 1096 1598 in

280 1618 387 1672 tomnia
397 1619 518 1690 regimen.
554 1619 633 1674 Nunc
646 1618 706 1689 quia
714 1636 766 1672 non
778 1623 848 1674 metu
857 1618 972 1684 ducatur,
984 1619 1094 1686 iturum,

303 1698 333 1750 ut
345 1696 479 1767 praesentia
490 1699 616 1768 spectaret
633 1700 852 1768 componeretque.
889 1696 1031 1752 Decrevere
1048 1714 1097 1768 pa·
1148 1691 1150 1730 l

302 1776 356 1826 tres
379 1777 440 1827 vota
461 1791 507 1843 pro
530 1773 615 1828 reditu
639 1774 694 1843 ejus
718 1773 963 1844 supplicationesque
986 1778 1013 1828 et
1043 1773 1097 1829 alia
1147 1766 1148 1783 ¹

278 1848 400 1904 4decora
437 1850 510 1904 Solus
526 1849 659 1905 Dolabella
677 1851 817 1916 Cornelius,
835 1849 895 1905 dum
910 1851 1007 1905 anteire
1023 1855 1098 1906 cete·
1146 1786 1149 1955 Ι

302 1945 344 1980 ros
356 1929 435 1998 parat,
449 1926 583 1982 absurdam
594 1927 621 1982 in
634 1927 803 1982 adulationem
819 1946 976 1999 progressus,
990 1929 1096 1984 censuit

279 2007 333 2056 tut
350 2021 427 2058 ovans
443 2022 458 2058 e
475 2004 612 2075 Campania
628 2005 717 2060 urbem
733 2005 858 2060 introiret.
894 2005 981 2076 Ign'tur
997 2009 1097 2061 secutae

303 2080 409 2136 Caesaris
421 2080 520 2146 littere,
534 2081 626 2152 quibus
638 2100 666 2136 se
678 2100 729 2136 non
740 2086 793 2136 tam
805 2099 913 2136 vacnum
930 2081 1012 2153 gloria
1026 2099 1097 2153 prae-

301 2157 408 2227 dicabat,
426 2161 456 2212 ut
479 2161 537 2229 post
554 2158 721 2213 ferocissimas
745 2162 835 2230 gentes
858 2158 1020 2229 perdomitas,
1050 2163 1096 2214 tot

300 2241 416 2306 receptos
432 2235 460 2290 in
472 2235 579 2307 juventa
594 2240 639 2290 aut
655 2239 754 2306 spretos
768 2236 918 2306 triumphos,
934 2237 988 2307 jam
1006 2236 1097 2290 senior

301 2313 509 2384 peregrinationis
521 2312 672 2368 suburbanas
683 2312 758 2367 inane
769 2313 899 2384 praemium
911 2317 1019 2384 peteret.

254 2398 292 2450 48
337 2389 389 2444 Sub
400 2389 467 2445 idem
482 2394 590 2461 tempus,
609 2393 640 2444 ut
657 2408 726 2444 mors
741 2389 846 2460 Sulpicii
861 2389 965 2449 Quirini
982 2389 1095 2460 publicis

276 2467 425 2536 2exsequiis
444 2467 656 2538 frequentaretur,
677 2467 768 2537 petivit
792 2485 807 2520 a
825 2471 924 2521 senatu.
961 2467 1035 2521 Nihil
1057 2469 1095 2524 ad

300 2547 411 2598 veterem
430 2547 457 2598 ct
475 2545 606 2615 patriciam
629 2543 798 2614 Sulpiciorum
818 2543 939 2598 familiam
963 2543 1094 2602 Quirinus
1144 2536 1146 2595 l

299 2620 429 2690 pertinuit,
443 2625 515 2675 ortus
534 2620 601 2691 apud
620 2620 785 2690 municipium
798 2619 958 2675 Lanuvium:
977 2620 1030 2688 sed,
1044 2621 1096 2676 im-

298 2699 371 2770 piger
382 2698 478 2753 militiae
487 2703 513 2753 et
525 2697 625 2753 acribus
637 2697 792 2759 ministeriis,
804 2698 963 2753 consulatum
972 2698 1095 2756 subdivo

298 2778 424 2846 Auguste,
435 2793 494 2830 mox
506 2775 657 2846 expugnatis
669 2793 715 2844 per
727 2774 840 2830 Ciliciam
852 2775 1094 2834 Homonadensium

299 2852 407 2907 castellis
419 2851 528 2924 insignia
539 2851 662 2922 triumphi
680 2849 794 2921 adeptus,
813 2851 940 2922 datusque
953 2857 1040 2906 rector
1058 2854 1091 2909 C.

299 2930 393 2986 Caesen
412 2930 558 2985 Armeniam
578 2927 712 2993 obtinenti,
731 2928 860 2984 'liberium
880 2947 981 3000 quoque
1000 2929 1093 2986 Rhodi
1142 2972 1143 3027 p

1139 3136 1143 3217 l
