<?xml version="1.0" encoding="UTF-8"?>
<!DOCTYPE html PUBLIC "-//W3C//DTD XHTML 1.0 Transitional//EN"
    "http://www.w3.org/TR/xhtml1/DTD/xhtml1-transitional.dtd">
<html xmlns="http://www.w3.org/1999/xhtml" xml:lang="en" lang="en">
 <head>
  <title>
</title>
<meta http-equiv="Content-Type" content="text/html;charset=utf-8" />
  <meta name='ocr-system' content='tesseract 3.04.00' />
  <meta name='ocr-capabilities' content='ocr_page ocr_carea ocr_par ocr_line ocrx_word'/>
</head>
<body>
  <div class='ocr_page' id='page_1' title='image "./operaomniaadfid01tacigoog_0266.png"; bbox 0 0 2550 3500; ppageno 0'>
   <div class='ocr_carea' id='block_1_1' title="bbox 302 368 1093 481">
    <p class='ocr_par' dir='ltr' id='par_1_1' title="bbox 302 368 1093 481">
     <span class='ocr_line' id='line_1_1' title="bbox 302 368 959 418; baseline -0.002 0"><span class='ocrx_word' id='word_1_1' title='bbox 302 370 350 418; x_wconf 79' lang='grc'>260</span> <span class='ocrx_word' id='word_1_2' title='bbox 637 368 759 417; x_wconf 72' lang='lat' dir='ltr'>anem</span> <span class='ocrx_word' id='word_1_3' title='bbox 957 393 959 396; x_wconf 96' lang='lat'>·</span> 
     </span>
     <span class='ocr_line' id='line_1_2' title="bbox 930 429 1093 481; baseline 0.012 -10"><span class='ocrx_word' id='word_1_4' title='bbox 930 429 966 481; x_wconf 78' lang='lat' dir='ltr'>[s.</span> <span class='ocrx_word' id='word_1_5' title='bbox 976 432 1004 472; x_wconf 87' lang='lat' dir='ltr'>o.</span> <span class='ocrx_word' id='word_1_6' title='bbox 1013 433 1037 472; x_wconf 90' lang='lat' dir='ltr'>c.</span> <span class='ocrx_word' id='word_1_7' title='bbox 1045 432 1093 473; x_wconf 76' lang='lat' dir='ltr'>soa</span> 
     </span>
    </p>
   </div>
   <div class='ocr_carea' id='block_1_2' title="bbox 220 480 1096 3027">
    <p class='ocr_par' dir='ltr' id='par_1_2' title="bbox 254 480 1096 707">
     <span class='ocr_line' id='line_1_3' title="bbox 254 480 1094 553; baseline 0.002 -18"><span class='ocrx_word' id='word_1_8' title='bbox 254 481 445 553; x_wconf 84' lang='lat' dir='ltr'>53paupertati</span> <span class='ocrx_word' id='word_1_9' title='bbox 463 480 609 552; x_wconf 83' lang='lat' dir='ltr'>adjicerent.</span> <span class='ocrx_word' id='word_1_10' title='bbox 645 481 792 552; x_wconf 77' lang='lat' dir='ltr'>Interque</span> <span class='ocrx_word' id='word_1_11' title='bbox 808 480 888 535; x_wconf 83' lang='lat' dir='ltr'>refert</span> <span class='ocrx_word' id='word_1_12' title='bbox 904 482 937 535; x_wconf 89' lang='lat' dir='ltr'>ad</span> <span class='ocrx_word' id='word_1_13' title='bbox 956 487 1043 553; x_wconf 88' lang='lat' dir='ltr'>patres</span> <span class='ocrx_word' id='word_1_14' title='bbox 1060 482 1094 537; x_wconf 86' lang='lat' dir='ltr'>de</span> 
     </span>
     <span class='ocr_line' id='line_1_4' title="bbox 302 558 1095 629; baseline 0 -16"><span class='ocrx_word' id='word_1_15' title='bbox 302 576 375 629; x_wconf 88' lang='lat' dir='ltr'>poena</span> <span class='ocrx_word' id='word_1_16' title='bbox 386 558 535 613; x_wconf 83' lang='lat' dir='ltr'>feminarum</span> <span class='ocrx_word' id='word_1_17' title='bbox 547 576 604 627; x_wconf 86' lang='lat' dir='ltr'>quse</span> <span class='ocrx_word' id='word_1_18' title='bbox 616 558 696 612; x_wconf 85' lang='lat' dir='ltr'>servis</span> <span class='ocrx_word' id='word_1_19' title='bbox 708 558 939 629; x_wconf 81' lang='lat' dir='ltr'>conjungerentur3</span> <span class='ocrx_word' id='word_1_20' title='bbox 957 560 1095 613; x_wconf 85' lang='lat' dir='ltr'>statuitur-</span> 
     </span>
     <span class='ocr_line' id='line_1_5' title="bbox 302 634 1096 707; baseline 0.003 -18"><span class='ocrx_word' id='word_1_21' title='bbox 302 654 358 705; x_wconf 88' lang='lat' dir='ltr'>que,</span> <span class='ocrx_word' id='word_1_22' title='bbox 371 639 408 701; x_wconf 68' lang='lat' dir='ltr'>ut,</span> <span class='ocrx_word' id='word_1_23' title='bbox 421 636 509 707; x_wconf 85' lang='lat' dir='ltr'>ignaro</span> <span class='ocrx_word' id='word_1_24' title='bbox 521 634 621 689; x_wconf 87' lang='lat' dir='ltr'>domino</span> <span class='ocrx_word' id='word_1_25' title='bbox 634 634 705 690; x_wconf 85' lang='lat' dir='ltr'>adid</span> <span class='ocrx_word' id='word_1_26' title='bbox 721 635 853 707; x_wconf 77' lang='lat' dir='ltr'>prolapsas,</span> <span class='ocrx_word' id='word_1_27' title='bbox 864 635 892 689; x_wconf 89' lang='lat' dir='ltr'>in</span> <span class='ocrx_word' id='word_1_28' title='bbox 905 637 1039 701; x_wconf 79' lang='lat' dir='ltr'>seruitute,</span> <span class='ocrx_word' id='word_1_29' title='bbox 1051 637 1096 691; x_wconf 91' lang='lat' dir='ltr'>sin</span> 
     </span>
    </p>

    <p class='ocr_par' dir='ltr' id='par_1_3' title="bbox 277 711 1096 939">
     <span class='ocr_line' id='line_1_6' title="bbox 277 711 1096 785; baseline -0.002 -15"><span class='ocrx_word' id='word_1_30' title='bbox 277 713 476 778; x_wconf 85' lang='lat' dir='ltr'>2oonsensisset‚</span> <span class='ocrx_word' id='word_1_31' title='bbox 493 730 539 783; x_wconf 90' lang='lat' dir='ltr'>pro</span> <span class='ocrx_word' id='word_1_32' title='bbox 558 711 664 778; x_wconf 79' lang='lat' dir='ltr'><strong>libertis,</strong></span> <span class='ocrx_word' id='word_1_33' title='bbox 681 712 843 767; x_wconf 77' lang='lat' dir='ltr'><strong>haberentur.</strong></span> <span class='ocrx_word' id='word_1_34' title='bbox 879 713 997 779; x_wconf 80' lang='lat' dir='ltr'><strong>Pallanti,</strong></span> <span class='ocrx_word' id='word_1_35' title='bbox 1014 732 1096 785; x_wconf 85' lang='lat' dir='ltr'>quern</span> 
     </span>
     <span class='ocr_line' id='line_1_7' title="bbox 300 789 1096 861; baseline 0.003 -17"><span class='ocrx_word' id='word_1_36' title='bbox 300 794 455 860; x_wconf 76' lang='lat' dir='ltr'>repertorem</span> <span class='ocrx_word' id='word_1_37' title='bbox 466 790 520 861; x_wconf 91' lang='lat' dir='ltr'>ejus</span> <span class='ocrx_word' id='word_1_38' title='bbox 532 789 661 845; x_wconf 77' lang='lat' dir='ltr'>relationis</span> <span class='ocrx_word' id='word_1_39' title='bbox 679 789 792 845; x_wconf 80' lang='lat' dir='ltr'>ediderat</span> <span class='ocrx_word' id='word_1_40' title='bbox 809 790 901 855; x_wconf 74' lang='lat' dir='ltr'>(laser,</span> <span class='ocrx_word' id='word_1_41' title='bbox 916 792 1038 861; x_wconf 72' lang='lat' dir='ltr'>praetoria</span> <span class='ocrx_word' id='word_1_42' title='bbox 1054 792 1096 847; x_wconf 91' lang='lat' dir='ltr'>in-</span> 
     </span>
     <span class='ocr_line' id='line_1_8' title="bbox 300 866 1096 939; baseline 0.005 -18"><span class='ocrx_word' id='word_1_43' title='bbox 300 866 383 937; x_wconf 85' lang='lat' dir='ltr'>signia</span> <span class='ocrx_word' id='word_1_44' title='bbox 393 872 420 921; x_wconf 90' lang='lat' dir='ltr'>et</span> <span class='ocrx_word' id='word_1_45' title='bbox 432 867 527 922; x_wconf 83' lang='lat' dir='ltr'>centies</span> <span class='ocrx_word' id='word_1_46' title='bbox 544 866 710 939; x_wconf 82' lang='lat' dir='ltr'>quinquagies</span> <span class='ocrx_word' id='word_1_47' title='bbox 722 868 869 923; x_wconf 82' lang='lat' dir='ltr'>sestertium</span> <span class='ocrx_word' id='word_1_48' title='bbox 885 869 985 923; x_wconf 83' lang='lat' dir='ltr'>sensuit</span> <span class='ocrx_word' id='word_1_49' title='bbox 1001 871 1096 926; x_wconf 86' lang='lat' dir='ltr'>consul</span> 
     </span>
    </p>

    <p class='ocr_par' dir='ltr' id='par_1_4' title="bbox 277 943 1095 1171">
     <span class='ocr_line' id='line_1_9' title="bbox 277 943 1095 1016; baseline 0.006 -19"><span class='ocrx_word' id='word_1_50' title='bbox 277 943 447 1015; x_wconf 75' lang='lat' dir='ltr'>ddesignatus</span> <span class='ocrx_word' id='word_1_51' title='bbox 467 944 549 1001; x_wconf 86' lang='lat' dir='ltr'>Barea</span> <span class='ocrx_word' id='word_1_52' title='bbox 567 945 687 999; x_wconf 81' lang='lat' dir='ltr'>Soranus.</span> <span class='ocrx_word' id='word_1_53' title='bbox 722 944 847 999; x_wconf 82' lang='lat' dir='ltr'>Additum</span> <span class='ocrx_word' id='word_1_54' title='bbox 863 963 879 999; x_wconf 93' lang='lat' dir='ltr'>a</span> <span class='ocrx_word' id='word_1_55' title='bbox 895 945 1012 1016; x_wconf 81' lang='lat' dir='ltr'>Scipione</span> <span class='ocrx_word' id='word_1_56' title='bbox 1030 948 1095 1002; x_wconf 89' lang='lat' dir='ltr'>Cor-</span> 
     </span>
     <span class='ocr_line' id='line_1_10' title="bbox 300 1021 1094 1094; baseline 0.008 -19"><span class='ocrx_word' id='word_1_57' title='bbox 300 1021 366 1076; x_wconf 91' lang='lat' dir='ltr'>nelio</span> <span class='ocrx_word' id='word_1_58' title='bbox 389 1026 474 1093; x_wconf 82' lang='lat' dir='ltr'>grates</span> <span class='ocrx_word' id='word_1_59' title='bbox 497 1021 597 1094; x_wconf 86' lang='lat' dir='ltr'>publiea</span> <span class='ocrx_word' id='word_1_60' title='bbox 621 1021 738 1093; x_wconf 78' lang='lat' dir='ltr'>agendm,</span> <span class='ocrx_word' id='word_1_61' title='bbox 763 1022 832 1093; x_wconf 87' lang='lat' dir='ltr'>quod</span> <span class='ocrx_word' id='word_1_62' title='bbox 851 1021 954 1093; x_wconf 80' lang='lat' dir='ltr'>regibus</span> <span class='ocrx_word' id='word_1_63' title='bbox 974 1024 1094 1081; x_wconf 71' lang='lat' dir='ltr'>Arcadiae</span> 
     </span>
     <span class='ocr_line' id='line_1_11' title="bbox 300 1097 1094 1171; baseline 0.004 -18"><span class='ocrx_word' id='word_1_64' title='bbox 300 1102 372 1153; x_wconf 87' lang='lat' dir='ltr'>ortus</span> <span class='ocrx_word' id='word_1_65' title='bbox 383 1099 544 1154; x_wconf 82' lang='lat' dir='ltr'>veterrimam</span> <span class='ocrx_word' id='word_1_66' title='bbox 555 1098 714 1155; x_wconf 81' lang='lat' dir='ltr'>nobilitatem</span> <span class='ocrx_word' id='word_1_67' title='bbox 725 1100 785 1154; x_wconf 87' lang='lat' dir='ltr'>usui</span> <span class='ocrx_word' id='word_1_68' title='bbox 798 1097 900 1171; x_wconf 84' lang='lat' dir='ltr'>publico</span> <span class='ocrx_word' id='word_1_69' title='bbox 916 1104 1094 1171; x_wconf 70' lang='lat' dir='ltr'>postponeret,</span> 
     </span>
    </p>

    <p class='ocr_par' dir='ltr' id='par_1_5' title="bbox 276 1176 1094 1311">
     <span class='ocr_line' id='line_1_12' title="bbox 276 1176 1094 1247; baseline 0.006 -18"><span class='ocrx_word' id='word_1_70' title='bbox 276 1184 378 1247; x_wconf 70' lang='lat' dir='ltr'>eaeque</span> <span class='ocrx_word' id='word_1_71' title='bbox 400 1176 468 1231; x_wconf 90' lang='lat' dir='ltr'>inter</span> <span class='ocrx_word' id='word_1_72' title='bbox 490 1176 619 1231; x_wconf 86' lang='lat' dir='ltr'>ministros</span> <span class='ocrx_word' id='word_1_73' title='bbox 642 1176 763 1247; x_wconf 77' lang='lat' dir='ltr'>principis</span> <span class='ocrx_word' id='word_1_74' title='bbox 785 1176 873 1231; x_wconf 86' lang='lat' dir='ltr'>haberi</span> <span class='ocrx_word' id='word_1_75' title='bbox 896 1177 998 1232; x_wconf 81' lang='lat' dir='ltr'>sineret.</span> <span class='ocrx_word' id='word_1_76' title='bbox 1043 1181 1094 1234; x_wconf 80' lang='lat' dir='ltr'>As-</span> 
     </span>
     <span class='ocr_line' id='line_1_13' title="bbox 300 1252 1093 1311; baseline 0.005 -4"><span class='ocrx_word' id='word_1_77' title='bbox 300 1254 425 1308; x_wconf 83' lang='lat' dir='ltr'>severavit</span> <span class='ocrx_word' id='word_1_78' title='bbox 444 1252 564 1309; x_wconf 85' lang='lat' dir='ltr'>Claudius</span> <span class='ocrx_word' id='word_1_79' title='bbox 583 1257 732 1309; x_wconf 84' lang='lat' dir='ltr'>contentum</span> <span class='ocrx_word' id='word_1_80' title='bbox 749 1254 845 1309; x_wconf 83' lang='lat' dir='ltr'>honore</span> <span class='ocrx_word' id='word_1_81' title='bbox 861 1254 1006 1310; x_wconf 85' lang='lat' dir='ltr'>Pallantem</span> <span class='ocrx_word' id='word_1_82' title='bbox 1023 1254 1093 1311; x_wconf 89' lang='lat' dir='ltr'>intra</span> 
     </span>
    </p>

    <p class='ocr_par' dir='ltr' id='par_1_6' title="bbox 275 1329 1092 1617">
     <span class='ocr_line' id='line_1_14' title="bbox 275 1329 1092 1402; baseline 0.007 -19"><span class='ocrx_word' id='word_1_83' title='bbox 275 1330 410 1401; x_wconf 82' lang='lat' dir='ltr'>5priorem</span> <span class='ocrx_word' id='word_1_84' title='bbox 433 1334 609 1402; x_wconf 87' lang='lat' dir='ltr'>paupertatem</span> <span class='ocrx_word' id='word_1_85' title='bbox 632 1329 779 1387; x_wconf 87' lang='lat' dir='ltr'>subsistere.</span> <span class='ocrx_word' id='word_1_86' title='bbox 814 1331 851 1385; x_wconf 78' lang='lat' dir='ltr'>nt</span> <span class='ocrx_word' id='word_1_87' title='bbox 872 1330 953 1386; x_wconf 81' lang='lat' dir='ltr'>fixum</span> <span class='ocrx_word' id='word_1_88' title='bbox 976 1336 1018 1387; x_wconf 86' lang='lat' dir='ltr'>est</span> <span class='ocrx_word' id='word_1_89' title='bbox 1042 1352 1092 1389; x_wconf 82' lang='lat' dir='ltr'>aere</span> 
     </span>
     <span class='ocr_line' id='line_1_15' title="bbox 299 1406 1092 1479; baseline 0.006 -18"><span class='ocrx_word' id='word_1_90' title='bbox 299 1406 400 1478; x_wconf 87' lang='lat' dir='ltr'>publico</span> <span class='ocrx_word' id='word_1_91' title='bbox 412 1410 515 1463; x_wconf 85' lang='lat' dir='ltr'>senatus</span> <span class='ocrx_word' id='word_1_92' title='bbox 531 1406 683 1472; x_wconf 76' lang='lat' dir='ltr'>consultum,</span> <span class='ocrx_word' id='word_1_93' title='bbox 705 1425 756 1479; x_wconf 91' lang='lat' dir='ltr'>quo</span> <span class='ocrx_word' id='word_1_94' title='bbox 771 1406 905 1463; x_wconf 86' lang='lat' dir='ltr'>libertinus</span> <span class='ocrx_word' id='word_1_95' title='bbox 922 1409 1036 1465; x_wconf 84' lang='lat' dir='ltr'>sestertii</span> <span class='ocrx_word' id='word_1_96' title='bbox 1051 1415 1092 1466; x_wconf 86' lang='lat' dir='ltr'>ter</span> 
     </span>
     <span class='ocr_line' id='line_1_16' title="bbox 298 1484 1092 1557; baseline 0.005 -18"><span class='ocrx_word' id='word_1_97' title='bbox 298 1484 389 1540; x_wconf 87' lang='lat' dir='ltr'>millies</span> <span class='ocrx_word' id='word_1_98' title='bbox 400 1502 531 1557; x_wconf 86' lang='lat' dir='ltr'>possessor</span> <span class='ocrx_word' id='word_1_99' title='bbox 542 1484 653 1556; x_wconf 76' lang='lat' dir='ltr'>antiquae</span> <span class='ocrx_word' id='word_1_100' title='bbox 668 1485 827 1556; x_wconf 80' lang='lat' dir='ltr'>parsimonia</span> <span class='ocrx_word' id='word_1_101' title='bbox 845 1484 963 1541; x_wconf 87' lang='lat' dir='ltr'>laudibus</span> <span class='ocrx_word' id='word_1_102' title='bbox 979 1488 1092 1543; x_wconf 83' lang='lat' dir='ltr'>cumula-</span> 
     </span>
     <span class='ocr_line' id='line_1_17' title="bbox 299 1560 384 1617; baseline 0.012 -1"><span class='ocrx_word' id='word_1_103' title='bbox 299 1560 384 1617; x_wconf 87' lang='lat' dir='ltr'>batur.</span> 
     </span>
    </p>

    <p class='ocr_par' dir='ltr' id='par_1_7' title="bbox 252 1637 1091 1866">
     <span class='ocr_line' id='line_1_18' title="bbox 252 1637 1091 1710; baseline 0.005 -17"><span class='ocrx_word' id='word_1_104' title='bbox 252 1648 291 1701; x_wconf 84' lang='lat'>54</span> <span class='ocrx_word' id='word_1_105' title='bbox 334 1640 370 1693; x_wconf 88' lang='lat' dir='ltr'>At</span> <span class='ocrx_word' id='word_1_106' title='bbox 381 1654 434 1693; x_wconf 86' lang='lat' dir='ltr'>non</span> <span class='ocrx_word' id='word_1_107' title='bbox 451 1638 530 1693; x_wconf 82' lang='lat' dir='ltr'>frater</span> <span class='ocrx_word' id='word_1_108' title='bbox 547 1638 609 1710; x_wconf 88' lang='lat' dir='ltr'>ejus,</span> <span class='ocrx_word' id='word_1_109' title='bbox 627 1642 795 1710; x_wconf 80' lang='lat' dir='ltr'>cognomento</span> <span class='ocrx_word' id='word_1_110' title='bbox 811 1637 891 1703; x_wconf 79' lang='lat' dir='ltr'>Felix,</span> <span class='ocrx_word' id='word_1_111' title='bbox 906 1638 963 1710; x_wconf 87' lang='lat' dir='ltr'>pari</span> <span class='ocrx_word' id='word_1_112' title='bbox 977 1640 1091 1697; x_wconf 85' lang='lat' dir='ltr'>modera-</span> 
     </span>
     <span class='ocr_line' id='line_1_19' title="bbox 299 1714 1091 1789; baseline 0.004 -17"><span class='ocrx_word' id='word_1_113' title='bbox 299 1716 368 1772; x_wconf 87' lang='lat' dir='ltr'>tione</span> <span class='ocrx_word' id='word_1_114' title='bbox 389 1716 487 1788; x_wconf 85' lang='lat' dir='ltr'>agebat,</span> <span class='ocrx_word' id='word_1_115' title='bbox 506 1716 559 1789; x_wconf 87' lang='lat' dir='ltr'>jam</span> <span class='ocrx_word' id='word_1_116' title='bbox 579 1714 678 1788; x_wconf 85' lang='lat' dir='ltr'>pridem</span> <span class='ocrx_word' id='word_1_117' title='bbox 694 1716 790 1772; x_wconf 82' lang='lat' dir='ltr'>Judaeae</span> <span class='ocrx_word' id='word_1_118' title='bbox 806 1715 940 1788; x_wconf 89' lang='lat' dir='ltr'>impositus</span> <span class='ocrx_word' id='word_1_119' title='bbox 954 1721 982 1774; x_wconf 89' lang='lat' dir='ltr'>et</span> <span class='ocrx_word' id='word_1_120' title='bbox 997 1724 1091 1775; x_wconf 68' lang='lat' dir='ltr'>cunam</span> 
     </span>
     <span class='ocr_line' id='line_1_20' title="bbox 298 1793 1090 1866; baseline 0.006 -18"><span class='ocrx_word' id='word_1_121' title='bbox 298 1793 432 1848; x_wconf 83' lang='lat' dir='ltr'>malefacta</span> <span class='ocrx_word' id='word_1_122' title='bbox 454 1793 504 1848; x_wconf 88' lang='lat' dir='ltr'>sibi</span> <span class='ocrx_word' id='word_1_123' title='bbox 526 1793 629 1864; x_wconf 87' lang='lat' dir='ltr'>impune</span> <span class='ocrx_word' id='word_1_124' title='bbox 651 1804 723 1850; x_wconf 89' lang='lat' dir='ltr'>ratus</span> <span class='ocrx_word' id='word_1_125' title='bbox 745 1797 819 1849; x_wconf 86' lang='lat' dir='ltr'>tauta</span> <span class='ocrx_word' id='word_1_126' title='bbox 836 1794 1090 1866; x_wconf 86' lang='lat' dir='ltr'>potentia-subnixo.</span> 
     </span>
    </p>

    <p class='ocr_par' dir='ltr' id='par_1_8' title="bbox 276 1869 1091 2099">
     <span class='ocr_line' id='line_1_21' title="bbox 276 1869 1089 1942; baseline 0.005 -17"><span class='ocrx_word' id='word_1_127' title='bbox 276 1871 365 1925; x_wconf 83' lang='lat' dir='ltr'>2Sane</span> <span class='ocrx_word' id='word_1_128' title='bbox 381 1869 540 1941; x_wconf 82' lang='lat' dir='ltr'>praebuerant</span> <span class='ocrx_word' id='word_1_129' title='bbox 555 1869 640 1926; x_wconf 84' lang='lat' dir='ltr'>Judaei</span> <span class='ocrx_word' id='word_1_130' title='bbox 656 1871 765 1942; x_wconf 88' lang='lat' dir='ltr'>speeiem</span> <span class='ocrx_word' id='word_1_131' title='bbox 780 1874 866 1926; x_wconf 90' lang='lat' dir='ltr'>motus</span> <span class='ocrx_word' id='word_1_132' title='bbox 881 1875 940 1926; x_wconf 83' lang='lat' dir='ltr'>orta</span> <span class='ocrx_word' id='word_1_133' title='bbox 955 1873 1089 1941; x_wconf 86' lang='lat' dir='ltr'>seditione,</span> 
     </span>
     <span class='ocr_line' id='line_1_22' title="bbox 298 1946 1091 2019; baseline 0.008 -19"><span class='ocrx_word' id='word_1_134' title='bbox 298 1947 316 1984; x_wconf 81' lang='lat'><em>*</em></span> <span class='ocrx_word' id='word_1_135' title='bbox 327 1948 345 1984; x_wconf 70' lang='lat'>⁴*</span> <span class='ocrx_word' id='word_1_136' title='bbox 356 1947 374 1984; x_wconf 71' lang='lat'>³*</span> <span class='ocrx_word' id='word_1_137' title='bbox 385 1947 403 1984; x_wconf 79' lang='lat'><em>*</em></span> <span class='ocrx_word' id='word_1_138' title='bbox 414 1950 548 2018; x_wconf 86' lang='lat' dir='ltr'>postquam</span> <span class='ocrx_word' id='word_1_139' title='bbox 569 1946 672 2019; x_wconf 57' lang='lat' dir='ltr'>cognita</span> <span class='ocrx_word' id='word_1_140' title='bbox 689 1947 757 2003; x_wconf 74' lang='lat' dir='ltr'>ende</span> <span class='ocrx_word' id='word_1_141' title='bbox 774 1947 829 2019; x_wconf 90' lang='lat' dir='ltr'>ejus</span> <span class='ocrx_word' id='word_1_142' title='bbox 849 1950 935 2017; x_wconf 74' lang='lat' dir='ltr'>(Gaii)</span> <span class='ocrx_word' id='word_1_143' title='bbox 957 1949 1028 2005; x_wconf 89' lang='lat' dir='ltr'>haud</span> <span class='ocrx_word' id='word_1_144' title='bbox 1047 1951 1091 2006; x_wconf 91' lang='lat' dir='ltr'>ob-</span> 
     </span>
     <span class='ocr_line' id='line_1_23' title="bbox 297 2023 1091 2099; baseline 0.006 -21"><span class='ocrx_word' id='word_1_145' title='bbox 297 2027 467 2095; x_wconf 84' lang='lat' dir='ltr'>temperatum</span> <span class='ocrx_word' id='word_1_146' title='bbox 487 2027 562 2090; x_wconf 87' lang='lat' dir='ltr'>esset,</span> <span class='ocrx_word' id='word_1_147' title='bbox 584 2023 702 2079; x_wconf 83' lang='lat' dir='ltr'>manebat</span> <span class='ocrx_word' id='word_1_148' title='bbox 719 2027 804 2080; x_wconf 88' lang='lat' dir='ltr'>metus</span> <span class='ocrx_word' id='word_1_149' title='bbox 821 2043 854 2079; x_wconf 89' lang='lat' dir='ltr'>ne</span> <span class='ocrx_word' id='word_1_150' title='bbox 871 2025 928 2097; x_wconf 86' lang='lat' dir='ltr'>qais</span> <span class='ocrx_word' id='word_1_151' title='bbox 946 2027 1091 2099; x_wconf 79' lang='lat' dir='ltr'>principum</span> 
     </span>
    </p>

    <p class='ocr_par' dir='ltr' id='par_1_9' title="bbox 220 2101 1092 2484">
     <span class='ocr_line' id='line_1_24' title="bbox 220 2101 1091 2174; baseline 0.001 -15"><span class='ocrx_word' id='word_1_152' title='bbox 220 2127 221 2132; x_wconf 48' lang='lat'>¹</span> <span class='ocrx_word' id='word_1_153' title='bbox 270 2101 561 2172; x_wconf 77' lang='lat' dir='ltr'>academimperitaret.</span> <span class='ocrx_word' id='word_1_154' title='bbox 597 2102 685 2172; x_wconf 81' lang='lat' dir='ltr'>Atque</span> <span class='ocrx_word' id='word_1_155' title='bbox 696 2101 801 2156; x_wconf 88' lang='lat' dir='ltr'>interim</span> <span class='ocrx_word' id='word_1_156' title='bbox 812 2101 886 2156; x_wconf 78' lang='lat' dir='ltr'>Felix</span> <span class='ocrx_word' id='word_1_157' title='bbox 901 2103 1091 2174; x_wconf 84' lang='lat' dir='ltr'>intempestivis</span> 
     </span>
     <span class='ocr_line' id='line_1_25' title="bbox 297 2177 1092 2244; baseline 0.004 -10"><span class='ocrx_word' id='word_1_158' title='bbox 297 2178 414 2234; x_wconf 87' lang='lat' dir='ltr'>remediis</span> <span class='ocrx_word' id='word_1_159' title='bbox 431 2178 524 2234; x_wconf 90' lang='lat' dir='ltr'>delicta</span> <span class='ocrx_word' id='word_1_160' title='bbox 540 2177 701 2244; x_wconf 87' lang='lat' dir='ltr'>accendebat,</span> <span class='ocrx_word' id='word_1_161' title='bbox 718 2178 809 2234; x_wconf 80' lang='lat' dir='ltr'>aemulo</span> <span class='ocrx_word' id='word_1_162' title='bbox 823 2178 857 2233; x_wconf 88' lang='lat' dir='ltr'>ad</span> <span class='ocrx_word' id='word_1_163' title='bbox 871 2178 1008 2236; x_wconf 88' lang='lat' dir='ltr'>deterrima</span> <span class='ocrx_word' id='word_1_164' title='bbox 1021 2182 1092 2238; x_wconf 88' lang='lat' dir='ltr'>Ven-</span> 
     </span>
     <span class='ocr_line' id='line_1_26' title="bbox 297 2255 1092 2326; baseline 0.008 -16"><span class='ocrx_word' id='word_1_165' title='bbox 297 2255 361 2311; x_wconf 88' lang='lat' dir='ltr'>tidio</span> <span class='ocrx_word' id='word_1_166' title='bbox 377 2256 498 2321; x_wconf 82' lang='lat' dir='ltr'>Cumano,</span> <span class='ocrx_word' id='word_1_167' title='bbox 518 2255 560 2310; x_wconf 88' lang='lat' dir='ltr'>cui</span> <span class='ocrx_word' id='word_1_168' title='bbox 576 2273 635 2326; x_wconf 88' lang='lat' dir='ltr'>pars</span> <span class='ocrx_word' id='word_1_169' title='bbox 652 2255 788 2326; x_wconf 79' lang='lat' dir='ltr'>provincia</span> <span class='ocrx_word' id='word_1_170' title='bbox 803 2255 958 2325; x_wconf 84' lang='lat' dir='ltr'>habebatur;</span> <span class='ocrx_word' id='word_1_171' title='bbox 976 2258 1015 2313; x_wconf 88' lang='lat' dir='ltr'>ita</span> <span class='ocrx_word' id='word_1_172' title='bbox 1028 2259 1092 2316; x_wconf 81' lang='lat' dir='ltr'>diri-</span> 
     </span>
     <span class='ocr_line' id='line_1_27' title="bbox 297 2333 1089 2407; baseline 0.006 -20"><span class='ocrx_word' id='word_1_173' title='bbox 297 2333 333 2388; x_wconf 92' lang='lat' dir='ltr'>sis</span> <span class='ocrx_word' id='word_1_174' title='bbox 344 2337 375 2388; x_wconf 91' lang='lat' dir='ltr'>ut</span> <span class='ocrx_word' id='word_1_175' title='bbox 386 2333 445 2389; x_wconf 87' lang='lat' dir='ltr'>huie</span> <span class='ocrx_word' id='word_1_176' title='bbox 458 2333 618 2388; x_wconf 79' lang='lat' dir='ltr'>Galilaeorum</span> <span class='ocrx_word' id='word_1_177' title='bbox 628 2333 706 2399; x_wconf 89' lang='lat' dir='ltr'>natio,</span> <span class='ocrx_word' id='word_1_178' title='bbox 719 2333 799 2390; x_wconf 77' lang='lat' dir='ltr'>Felici</span> <span class='ocrx_word' id='word_1_179' title='bbox 813 2335 945 2390; x_wconf 75' lang='lat' dir='ltr'>amariae</span> <span class='ocrx_word' id='word_1_180' title='bbox 961 2341 1089 2407; x_wconf 88' lang='lat' dir='ltr'>parerent,</span> 
     </span>
     <span class='ocr_line' id='line_1_28' title="bbox 297 2409 1090 2484; baseline 0.008 -20"><span class='ocrx_word' id='word_1_181' title='bbox 297 2409 424 2466; x_wconf 86' lang='lat' dir='ltr'>discordes</span> <span class='ocrx_word' id='word_1_182' title='bbox 447 2410 508 2465; x_wconf 89' lang='lat' dir='ltr'>olim</span> <span class='ocrx_word' id='word_1_183' title='bbox 530 2413 557 2466; x_wconf 92' lang='lat' dir='ltr'>et</span> <span class='ocrx_word' id='word_1_184' title='bbox 581 2413 638 2464; x_wconf 91' lang='lat' dir='ltr'>tum</span> <span class='ocrx_word' id='word_1_185' title='bbox 661 2413 811 2483; x_wconf 86' lang='lat' dir='ltr'>contemptu</span> <span class='ocrx_word' id='word_1_186' title='bbox 832 2412 977 2484; x_wconf 79' lang='lat' dir='ltr'>regentium</span> <span class='ocrx_word' id='word_1_187' title='bbox 1005 2414 1090 2470; x_wconf 88' lang='lat' dir='ltr'>minus</span> 
     </span>
    </p>

    <p class='ocr_par' dir='ltr' id='par_1_10' title="bbox 265 2487 1090 2559">
     <span class='ocr_line' id='line_1_29' title="bbox 265 2487 1090 2559; baseline 0.002 -15"><span class='ocrx_word' id='word_1_188' title='bbox 265 2487 413 2544; x_wconf 48' lang='lat' dir='ltr'>&#39;teodreitis</span> <span class='ocrx_word' id='word_1_189' title='bbox 433 2487 506 2542; x_wconf 86' lang='lat' dir='ltr'>odiis.</span> <span class='ocrx_word' id='word_1_190' title='bbox 541 2487 627 2558; x_wconf 86' lang='lat' dir='ltr'>Igitur</span> <span class='ocrx_word' id='word_1_191' title='bbox 647 2491 749 2559; x_wconf 90' lang='lat' dir='ltr'>raptare</span> <span class='ocrx_word' id='word_1_192' title='bbox 763 2488 885 2554; x_wconf 87' lang='lat' dir='ltr'>inter-se,</span> <span class='ocrx_word' id='word_1_193' title='bbox 899 2489 1039 2546; x_wconf 89' lang='lat' dir='ltr'>immittere</span> <span class='ocrx_word' id='word_1_194' title='bbox 1055 2491 1090 2546; x_wconf 90' lang='lat' dir='ltr'>la·</span> 
     </span>
    </p>

    <p class='ocr_par' dir='ltr' id='par_1_11' title="bbox 273 2563 1091 3027">
     <span class='ocr_line' id='line_1_30' title="bbox 297 2563 1090 2639; baseline 0.005 -19"><span class='ocrx_word' id='word_1_195' title='bbox 297 2567 400 2620; x_wconf 86' lang='lat' dir='ltr'>tronum</span> <span class='ocrx_word' id='word_1_196' title='bbox 411 2563 506 2635; x_wconf 86' lang='lat' dir='ltr'>globos,</span> <span class='ocrx_word' id='word_1_197' title='bbox 520 2581 670 2634; x_wconf 86' lang='lat' dir='ltr'>componere</span> <span class='ocrx_word' id='word_1_198' title='bbox 679 2564 793 2631; x_wconf 64' lang='lat' dir='ltr'>madias,</span> <span class='ocrx_word' id='word_1_199' title='bbox 807 2569 834 2620; x_wconf 86' lang='lat' dir='ltr'>st</span> <span class='ocrx_word' id='word_1_200' title='bbox 845 2565 980 2638; x_wconf 88' lang='lat' dir='ltr'>aliquando</span> <span class='ocrx_word' id='word_1_201' title='bbox 995 2568 1090 2639; x_wconf 74' lang='lat' dir='ltr'>preliis</span> 
     </span>
     <span class='ocr_line' id='line_1_31' title="bbox 298 2638 1088 2714; baseline 0.009 -20"><span class='ocrx_word' id='word_1_202' title='bbox 298 2638 424 2712; x_wconf 79' lang='lat' dir='ltr'>congredi,</span> <span class='ocrx_word' id='word_1_203' title='bbox 435 2639 564 2710; x_wconf 87' lang='lat' dir='ltr'>spoliaque</span> <span class='ocrx_word' id='word_1_204' title='bbox 581 2643 608 2695; x_wconf 89' lang='lat' dir='ltr'>et</span> <span class='ocrx_word' id='word_1_205' title='bbox 625 2640 724 2712; x_wconf 81' lang='lat' dir='ltr'>prades</span> <span class='ocrx_word' id='word_1_206' title='bbox 741 2641 774 2697; x_wconf 87' lang='lat' dir='ltr'>ad</span> <span class='ocrx_word' id='word_1_207' title='bbox 790 2647 968 2714; x_wconf 80' lang='lat' dir='ltr'>procuratores</span> <span class='ocrx_word' id='word_1_208' title='bbox 982 2645 1088 2702; x_wconf 83' lang='lat' dir='ltr'>referre.</span> 
     </span>
     <span class='ocr_line' id='line_1_32' title="bbox 273 2715 1091 2792; baseline 0.007 -20"><span class='ocrx_word' id='word_1_209' title='bbox 273 2717 385 2788; x_wconf 81' lang='lat' dir='ltr'>5Hique</span> <span class='ocrx_word' id='word_1_210' title='bbox 396 2716 477 2788; x_wconf 88' lang='lat' dir='ltr'>primo</span> <span class='ocrx_word' id='word_1_211' title='bbox 488 2715 584 2783; x_wconf 82' lang='lat' dir='ltr'>laetari3</span> <span class='ocrx_word' id='word_1_212' title='bbox 602 2735 663 2772; x_wconf 82' lang='lat' dir='ltr'>mox</span> <span class='ocrx_word' id='word_1_213' title='bbox 677 2718 801 2789; x_wconf 81' lang='lat' dir='ltr'>gliscente</span> <span class='ocrx_word' id='word_1_214' title='bbox 817 2720 1004 2792; x_wconf 77' lang='lat' dir='ltr'>perniciosum</span> <span class='ocrx_word' id='word_1_215' title='bbox 1019 2740 1091 2778; x_wconf 84' lang='lat' dir='ltr'>arma</span> 
     </span>
     <span class='ocr_line' id='line_1_33' title="bbox 297 2792 1089 2869; baseline 0.008 -20"><span class='ocrx_word' id='word_1_216' title='bbox 297 2794 407 2850; x_wconf 90' lang='lat' dir='ltr'>militum</span> <span class='ocrx_word' id='word_1_217' title='bbox 421 2792 616 2863; x_wconf 87' lang='lat' dir='ltr'>interjecissent‚</span> <span class='ocrx_word' id='word_1_218' title='bbox 633 2795 693 2849; x_wconf 79' lang='lat' dir='ltr'>cusi</span> <span class='ocrx_word' id='word_1_219' title='bbox 707 2795 810 2853; x_wconf 89' lang='lat' dir='ltr'>milites.</span> <span class='ocrx_word' id='word_1_220' title='bbox 845 2797 1012 2869; x_wconf 80' lang='lat' dir='ltr'>Arsissetque</span> <span class='ocrx_word' id='word_1_221' title='bbox 1022 2799 1089 2855; x_wconf 85' lang='lat' dir='ltr'>bello</span> 
     </span>
     <span class='ocr_line' id='line_1_34' title="bbox 273 2869 1089 2942; baseline 0.002 -12"><span class='ocrx_word' id='word_1_222' title='bbox 273 2871 432 2942; x_wconf 77' lang='lat' dir='ltr'>dprovincia,</span> <span class='ocrx_word' id='word_1_223' title='bbox 445 2869 473 2924; x_wconf 88' lang='lat' dir='ltr'>ni</span> <span class='ocrx_word' id='word_1_224' title='bbox 485 2869 632 2928; x_wconf 79' lang='lat' dir='ltr'>Quadratus</span> <span class='ocrx_word' id='word_1_225' title='bbox 645 2871 725 2942; x_wconf 74' lang='lat' dir='ltr'>Syrie</span> <span class='ocrx_word' id='word_1_226' title='bbox 735 2878 821 2929; x_wconf 86' lang='lat' dir='ltr'>rector</span> <span class='ocrx_word' id='word_1_227' title='bbox 828 2874 997 2930; x_wconf 80' lang='lat' dir='ltr'>subvenisset</span> <span class='ocrx_word' id='word_1_228' title='bbox 1031 2876 1089 2932; x_wconf 86' lang='lat' dir='ltr'>Nec</span> 
     </span>
     <span class='ocr_line' id='line_1_35' title="bbox 297 2945 1087 3027; baseline 0.008 -23"><span class='ocrx_word' id='word_1_229' title='bbox 297 2949 342 3004; x_wconf 89' lang='lat' dir='ltr'>diu</span> <span class='ocrx_word' id='word_1_230' title='bbox 360 2947 480 3006; x_wconf 76' lang='lat' dir='ltr'>adversm</span> <span class='ocrx_word' id='word_1_231' title='bbox 497 2945 607 3014; x_wconf 73' lang='lat' dir='ltr'>audens,</span> <span class='ocrx_word' id='word_1_232' title='bbox 625 2948 670 3018; x_wconf 88' lang='lat' dir='ltr'>qui</span> <span class='ocrx_word' id='word_1_233' title='bbox 686 2948 714 3004; x_wconf 91' lang='lat' dir='ltr'>in</span> <span class='ocrx_word' id='word_1_234' title='bbox 733 2968 822 3008; x_wconf 88' lang='lat' dir='ltr'>necem</span> <span class='ocrx_word' id='word_1_235' title='bbox 839 2951 950 3010; x_wconf 88' lang='lat' dir='ltr'>militum</span> <span class='ocrx_word' id='word_1_236' title='bbox 965 2971 1087 3027; x_wconf 81' lang='lat' dir='ltr'>prorupe-</span> 
     </span>
    </p>
   </div>
   <div class='ocr_carea' id='block_1_3' title="bbox 0 0 1280 3500">
    <p class='ocr_par' dir='ltr' id='par_1_12' title="bbox 0 0 1280 3500">
     <span class='ocr_line' id='line_1_36' title="bbox 0 0 1280 3500; baseline 0 3"><span class='ocrx_word' id='word_1_237' title='bbox 0 0 1280 3500; x_wconf 95' lang='lat' dir='ltr'> </span> 
     </span>
    </p>
   </div>
  </div>
 </body>
</html>
