2550 3500
290 380 337 430 142
624 380 745 428 TA01T1

869 446 903 492 [n
913 444 941 482 u.
951 445 973 483 c.
983 444 1025 489 ue,
1035 441 1081 484 tu.

269 496 374 561 tneque
389 486 476 545 tamen
492 490 583 563 effumt
600 510 698 563 magun
716 495 824 548 fortune
842 495 960 565 pericula.
998 496 1037 547 hc
1055 494 1085 547 ni

293 567 375 623 AElius
387 568 477 623 Lamia
489 572 515 623 at
526 568 558 623 L.
571 572 707 640 Apronius,
721 572 766 642 qui
784 572 894 625 Africam
911 572 1083 635 obtinuerant,

292 644 419 700 insontem
439 647 617 716 protexissent,
639 648 789 704 claritudine
809 650 915 704 infausti
935 649 1035 720 generis
1057 652 1085 702 et

292 722 405 794 paternis
417 722 528 778 adversis
540 724 607 779 foret
619 724 770 781 abstractus.

250 798 286 855 14
328 799 356 853 Is
372 816 472 871 quoque
484 818 564 855 annus
576 802 717 873 legationes
730 805 873 859 Graecamm
886 803 1027 859 civitatium
1039 801 1084 855 ha·

293 875 356 941 buit,
371 878 462 931 Samiis
475 878 490 931 J
492 878 590 944 uncuis,
605 880 665 935 Cois
677 882 818 953 AEsculapii
827 881 939 946 delubro,
952 884 1085 934 vetustum

272 954 355 1024 tasyli
377 954 420 1025 jus
443 959 474 1008 ut
498 955 649 1022 firmaretur,
673 959 827 1029 petentibus.
876 958 954 1013 Samii
981 956 1085 1011 decreto

293 1030 508 1102 Amphictyonum
519 1033 673 1100 nitebantur,
691 1038 749 1106 quis
761 1037 915 1106 praecipuum
931 1035 981 1088 luit
998 1051 1085 1088 rerum

295 1110 408 1163 omnium
417 1109 541 1180 judicium
552 1128 582 1165 ea
593 1116 752 1183 tempestate,
767 1132 817 1184 qua
826 1113 908 1169 Greci
917 1111 1026 1166 conditis
1038 1129 1086 1182 per

273 1186 382 1242 8Asiam
400 1186 505 1241 urbibus
524 1204 569 1241 ora
587 1190 663 1243 maris
683 1190 852 1260 potiebantur.
889 1190 980 1260 Neque
998 1188 1086 1258 dispar

295 1263 362 1333 apud
380 1262 446 1317 Coos
465 1264 610 1335 antiquitas,
629 1271 656 1320 et
674 1266 808 1323 accedebat
825 1267 944 1321 meritum
962 1284 994 1319 ex
1011 1265 1084 1320 loco:
1138 1321 1139 1328 ,

294 1358 353 1394 nam
365 1340 433 1395 cives
446 1342 574 1396 Romanos
586 1343 681 1413 templo
693 1344 833 1415 AEsculapii
847 1343 1007 1407 induxerant,
1025 1360 1085 1397 cum

292 1416 368 1488 jussu
385 1418 453 1490 regis
472 1418 631 1474 Mithridatis
650 1420 717 1491 apud
735 1427 840 1476 cunctas
857 1421 926 1475 Asiae
943 1420 1039 1473 insulas
1057 1428 1086 1474 et

273 1494 370 1549 turbes
389 1494 584 1551 trucidarentur.
620 1498 705 1553 Variis
724 1497 814 1553 dehinc
838 1503 865 1552 et
889 1497 980 1567 saepius
1004 1496 1086 1551 irritis
1138 1505 1139 1510 ’

294 1577 431 1643 praetorum
455 1573 594 1644 questibus,
616 1580 745 1645 postremo
769 1576 855 1630 Cesar
873 1574 904 1629 de
923 1574 1084 1629 immodestia

294 1650 446 1707 histrionum
458 1652 574 1708 rettulit:
593 1654 674 1709 multa
686 1654 718 1709 ab
729 1654 760 1709 iis
772 1655 799 1709 in
811 1654 938 1725 publicum
956 1652 1083 1718 seditiose,

294 1728 361 1784 loeda
378 1746 423 1800 per
444 1729 539 1798 domos,
559 1732 669 1798 tentari3
688 1732 783 1787 Oscum
804 1731 929 1804 quondam
950 1730 1084 1796 ludicrum,

294 1805 426 1862 letissime
438 1807 505 1878 apud
517 1807 621 1879 vulgum
638 1809 822 1875 oblectationis,
840 1828 871 1864 eo
886 1809 1041 1880 flagitiorum
1059 1813 1086 1862 et

294 1883 386 1938 virium
403 1885 502 1939 venisse
519 1890 550 1939 ut
568 1886 720 1942 auctoritate
737 1891 840 1958 patrum
857 1886 1022 1942 co'e'reendum
1042 1886 1085 1941 sit.

294 1959 366 2016 Pulsi
378 1964 434 2015 tum
446 1961 581 2016 histriones
593 1963 677 2017 Italia

251 2041 287 2096 15
329 2037 402 2093 Idem
418 2057 500 2093 annus
516 2038 564 2093 alio
581 2057 681 2111 quoqne
698 2039 771 2095 luctu
785 2040 912 2095 Gaesarem
924 2039 1011 2105 afficit,
1025 2039 1087 2095 alte·

295 2133 352 2170 rum
379 2133 412 2171 ex
441 2113 548 2186 geminis
575 2115 656 2172 Drusi
678 2117 764 2172 liberis
793 2116 973 2189 extinguendo,
1002 2135 1087 2188 neque

273 2194 378 2248 tminus
390 2199 473 2249 morte
485 2193 566 2249 amici.
601 2193 630 2249 Is
642 2194 692 2248 luit
709 2195 826 2250 Lucilius
841 2195 955 2266 Longus,
973 2195 1087 2248 omnium

295 2271 331 2326 illi
346 2271 460 2326 tristium
476 2271 642 2342 latorumque
660 2272 752 2338 socius,
766 2289 884 2342 unusque
899 2271 1086 2326 esenatoribus

189 2378 192 2386 .
273 2348 390 2404 aRhodfi
409 2367 523 2404 secessus
542 2367 634 2404 comes.
670 2351 719 2415 Ita,
739 2367 881 2421 quanquam
897 2365 964 2405 novo
980 2349 1085 2414 bomini,

294 2427 436 2480 censorium
448 2426 533 2492 funus,
547 2427 655 2499 effigiem
667 2426 734 2498 apud
748 2427 832 2480 torum
848 2427 968 2498 Augusti,
984 2425 1088 2498 publiea

219 2536 226 2544 ·
294 2504 402 2574 pecunia
412 2509 497 2574 patres
512 2504 666 2571 deerevere:
680 2504 747 2576 apud
763 2521 827 2575 quos
842 2505 975 2559 etiamtum
992 2511 1087 2559 cuncta

294 2581 477 2646 tractabantur,
496 2581 559 2636 adeo
575 2587 605 2636 ut
622 2586 772 2653 procurator
787 2582 856 2637 Asia
867 2581 983 2636 Lucilius
997 2583 1088 2653 Capito

295 2663 429 2714 accusante
445 2659 574 2729 provincia
585 2675 687 2714 eausam
699 2658 799 2724 dixerit,
813 2677 905 2731 magua
918 2677 976 2713 cum
988 2677 1087 2715 asseve-

294 2737 392 2791 ratione
404 2736 524 2807 pm'neipis
536 2753 587 2790 non
599 2755 626 2791 sc
635 2736 679 2807 jus
694 2737 744 2790 nisi
760 2736 787 2791 in
803 2737 907 2791 servitia
922 2741 949 2790 et
966 2738 1088 2807 pecunias

294 2813 429 2868 familiares
453 2813 568 2868 dedisse:
596 2812 688 2884 quodsi
717 2813 768 2868 vim
791 2814 907 2885 praetoris
937 2822 1088 2884 usurpasset

294 2890 460 2961 manibusque
479 2891 588 2945 militum
607 2909 670 2945 usus
686 2890 760 2957 foret,
777 2894 863 2962 spreta
878 2891 905 2944 in
921 2908 951 2944 eo
967 2890 1087 2945 mandatu

271 2977 356 3024 tana:
374 2968 492 3026 audirent
503 2967 593 3026 socios.
629 2969 672 3024 Ita
683 2986 742 3024 reus
754 2969 858 3041 cogente
869 2967 972 3038 negotio
984 2966 1087 3024 damua-
