2550 3500
295 363 344 412 854
630 358 750 408 Tscrnl

919 422 955 470 [r.
965 422 994 462 u.
1002 422 1024 463 o.
1035 421 1081 465 arr.

294 472 382 530 Isdem
399 472 493 545 qnippe
507 472 557 528 iilis
572 472 661 527 diebus
677 472 822 543 Torquatus
840 471 941 527 Silanus
957 473 1023 527 mori
1040 473 1085 527 ad·'

294 551 381 624 igitur,
400 552 460 623 qnia
478 569 554 620 super
573 550 660 605 daniae
683 550 784 605 samiliae
802 549 978 605 claritudinem
995 550 1083 605 divum

271 633 441 702 2Augnstnm
458 633 561 685 starum
572 628 677 684 ferebat.
713 630 784 684 Jussi
796 633 955 685 accusatores
972 628 1084 701 objicere

294 708 429 780 prodigam
451 706 634 779 largitionibus,
659 724 742 778 neque
764 707 839 761 aliam
862 724 933 777 spem
956 724 1032 777 quam
1055 706 1084 761 in

272 785 370 840 arabus
390 784 463 840 noris
480 802 543 839 esse.
579 783 651 843 Quin
668 800 727 839 enm
744 783 840 839 nobiles
857 783 950 839 habere
968 800 1032 854 quos
1050 783 1083 839 ab

294 862 408 933 epistolis
419 865 447 917 et
458 861 548 917 libellis
556 864 583 916 at
594 860 735 917 rationibus
743 861 859 933 appellat,
870 861 1083 917 nominasnmmae

270 938 595 995 somaeetmaditamenta
631 942 809 998 Tumintimos
818 944 926 1015 quisque
934 941 1083 997 libertorum

296 1020 375 1076 vineti
386 1020 537 1091 arreptique.
572 1020 681 1075 Etcum
697 1020 824 1076 damnatio
838 1020 954 1086 instaret,
969 1020 1083 1075 braobio-

272 1107 353 1154 aram
372 1115 449 1153 renas
462 1098 607 1169 Torquatus
626 1093 777 1154 interscidit.
812 1099 955 1170 Secutaqna
971 1097 1083 1153 Neronis

296 1174 377 1229 oratio
397 1192 431 1231 ex
448 1193 525 1242 more,
545 1174 659 1247 quamvis
679 1179 779 1231 sontem
792 1178 819 1231 et
837 1174 977 1231 defensioni
991 1175 1083 1230 merito

296 1250 404 1307 diffisum
422 1252 550 1308 viaturam
569 1257 656 1309 tamen
674 1252 760 1323 fuisse,
779 1252 801 1308 si
818 1252 976 1309 elementiam
988 1252 1082 1325 judicis

296 1330 465 1400 expediisset.

250 1402 288 1458 36
331 1406 389 1462 Nae
399 1406 480 1461 multo
490 1410 557 1478 post,
566 1407 660 1463 amissa
670 1408 697 1463 in
709 1424 819 1479 presens
830 1406 934 1475 Aabaia,
948 1407 1042 1477 (eausa
1055 1406 1082 1462 in

296 1482 393 1538 inoerto
404 1479 495 1549 fuera)
508 1483 597 1539 urbem
613 1483 710 1549 revisit,
723 1482 865 1555 provincias
879 1483 1000 1550 Orientis,
1013 1500 1084 1538 max-

272 1560 346 1620 2ime
362 1562 512 1633 AEgyptnm,
531 1561 635 1617 seeretis
650 1560 873 1633 imaginationibus
889 1560 996 1633 agitans.
1032 1561 1084 1616 De·

295 1637 355 1693 bino
372 1638 456 1695 edicto
473 1638 626 1694 testificatus
646 1655 698 1693 non
715 1637 817 1710 longam
834 1638 875 1693 sui
893 1637 1033 1693 absentiam
1056 1642 1083 1692 et

295 1718 388 1771 ennato
398 1716 426 1771 in
436 1734 465 1771 re
478 1715 581 1788 pablioa
596 1714 702 1788 perinde
717 1714 822 1770 immota
838 1732 867 1770 aa
882 1732 1004 1787 prospera
1019 1714 1081 1782 fare,

273 1802 373 1863 asuper
391 1811 422 1848 ea
443 1793 600 1864 profectione
623 1793 687 1848 adiit
713 1793 874 1864 Capitolium.
908 1793 966 1848 Illio
979 1811 1084 1848 venera-

295 1873 340 1925 tus
360 1869 428 1935 deos,
441 1881 499 1925 aum
511 1871 598 1925 Vesta
610 1889 710 1942 qnoque
725 1869 848 1940 templum
865 1870 964 1935 inisset,
979 1875 1084 1942 repente

279 2011 283 2018 ¹
296 1950 402 2002 ennatos
413 1963 458 2018 per
470 1950 541 2001 artus
552 1950 672 2013 tremens,
686 1965 733 2003 sea
747 1947 850 2002 numina
868 1953 1020 2014 exterrente,
1038 1965 1085 2003 seu

295 2023 435 2078 facinorum
455 2022 628 2078 reeordationa
651 2040 781 2096 nunquam
803 2023 895 2078 timore
917 2041 1021 2092 vaenue,
1043 2023 1085 2079 de-

296 2100 378 2156 serait
391 2101 528 2172 indeptum,
544 2105 649 2156 enudas
664 2100 715 2156 sibi
730 2117 803 2156 auras
820 2117 905 2155 amora
920 2101 1009 2171 patrie
1024 2101 1085 2157 levi-

272 2187 353 2236 toras
371 2177 498 2234 dictitans.
534 2177 637 2234 Vidisse
653 2181 754 2233 mastos
772 2177 865 2233 sirium
882 2177 977 2243 vultus,
997 2178 1085 2234 sudus

296 2259 407 2311 moratas
418 2256 594 2328 querimonias,
607 2255 676 2326 qnod
687 2259 788 2310 tantum
799 2255 871 2326 †iter
880 2255 995 2310 aditums
1007 2260 1084 2321 esset,

295 2333 369 2405 enjus
391 2351 424 2388 ne
447 2333 559 2388 modioos
582 2333 683 2404 quidem
707 2351 825 2404 egressus
848 2332 994 2398 tolerarent,
1017 2333 1086 2389 sueti

273 2409 430 2467 dadreraum
440 2411 548 2466 fortuita
558 2414 664 2481 aspeetu
678 2409 798 2481 prinoipis
816 2409 932 2464 refoveri.
967 2409 1040 2482 Ergo
1055 2411 1086 2465 ut

296 2487 324 2542 in
344 2487 449 2557 privatis
465 2487 695 2542 neoassitndinibus
711 2487 827 2556 proxima
843 2487 951 2558 pignora
966 2487 1086 2558 prmrnla·

296 2567 362 2632 rent,
384 2564 423 2618 ita
444 2565 566 2636 populum
589 2564 734 2620 Romanum
757 2564 809 2619 rim
832 2565 964 2635 planarum
991 2563 1085 2620 habere

272 2639 484 2713 dparendamqne
494 2642 622 2696 retinenti.
658 2642 723 2697 Hoea
737 2644 814 2713 atque
825 2642 887 2697 talia
897 2641 965 2712 plebi
973 2641 1086 2698 volentia

295 2720 374 2786 fuere,
387 2718 547 2789 voluptatum
561 2718 686 2790 eupidine,
703 2722 799 2790 etqua
814 2720 942 2790 praeeipua
957 2737 1021 2774 eura
1036 2723 1084 2785 est,

273 2797 334 2856 trei
343 2796 515 2852 frumentariae
526 2796 664 2868 angustias,
678 2796 701 2852 si
718 2796 826 2864 abesset,
839 2797 971 2853 metuenti.
1008 2797 1086 2851 Sena·

296 2876 340 2928 tus
363 2875 391 2928 et
413 2872 535 2943 primores
558 2873 586 2928 in
608 2873 707 2928 ineerto
730 2877 810 2940 erant,
832 2873 920 2946 procul
943 2891 977 2928 an
999 2889 1086 2928 eoram

296 2949 406 3006 aboaior
416 2948 566 3006 bnbaratnr:
577 2949 683 3016 dehine,
697 2969 753 3023 quae
764 2955 856 3008 nstnra
870 2950 970 3024 magnis
986 2949 1086 3006 timori-
