2550 3500
285 395 317 445 2⁰
615 395 736 444 TnclTl

923 457 1076 508 [uiuunt.

285 506 398 563 curabat.
450 507 577 580 Regimen
600 527 705 564 summa
728 507 766 563 rei
788 522 866 578 penes
890 508 1078 577 Germanicum,

264 585 383 657 tegendo
407 585 544 640 Gallianum
565 587 653 642 censui
671 591 726 642 tum
745 586 882 640 intentum.
918 586 969 642 Sed
985 587 1078 658 quibus

286 663 362 716 Silius
381 662 566 731 moderabatur,
587 669 673 719 mente
693 664 813 735 ambigna
831 663 960 718 fortvmam
975 664 1078 719 seditio·

284 740 325 795 nia
345 739 433 796 alienae
450 741 660 812 speculabantur:
678 741 805 796 inferioris
822 741 950 796 exercitus
963 742 1036 797 miles
1050 743 1078 798 in

285 816 381 872 rabiem
393 818 525 890 prolapsus
537 823 584 886 eat,
598 825 656 875 orto
665 819 697 875 ab
708 818 929 874 unetvicesimanis
938 820 1079 890 quintanis·

284 919 335 972 que
346 901 426 969 initio,
440 907 467 958 et
478 903 567 958 uectis
579 904 661 975 prime
676 921 777 976 quoquc
794 921 824 958 ec
838 903 958 958 vicesima
972 904 1079 976 legioni-

286 977 350 1036 bus:
368 998 426 1035 nam
437 980 518 1036 isdem
529 981 623 1037 estivis
635 981 663 1036 in
674 981 766 1037 finibus
778 981 904 1036 Ubiorum
919 981 1079 1038 habebantur

262 1062 330 1128 dpcr
341 1057 421 1112 otium
433 1062 478 1113 aut
489 1057 554 1114 levia
565 1059 658 1114 munia.
694 1059 780 1129 Igitur
795 1057 883 1113 audito
894 1058 944 1114 fine
955 1060 1078 1131 Augusti,

283 1135 426 1191 vernacula
435 1136 572 1192 multitudo
588 1157 670 1209 nuper
688 1142 745 1192 acto
760 1136 788 1191 in
803 1136 867 1192 urbe
883 1136 991 1204 delectu,
1006 1137 1080 1194 lasci·

283 1213 331 1268 viae
348 1219 428 1280 sueta,
441 1213 555 1270 laborum
570 1214 715 1280 intolerans,
732 1214 836 1285 implere
847 1218 990 1269 ceterorum
1001 1215 1080 1272 rudes

284 1290 398 1346 animos:
416 1292 515 1347 venisse
535 1297 636 1364 tempus
657 1310 708 1364 quo
723 1291 837 1347 veterani
851 1296 978 1347 maturam
997 1293 1080 1349 missi·

284 1387 365 1436 onem,
371 1370 477 1442 juvenes
488 1371 598 1444 largiora
610 1371 743 1444 stipendia,
756 1371 842 1426 cuncti
853 1370 956 1426 modum
967 1370 1080 1427 miserie·

283 1465 341 1504 rum
355 1456 527 1521 exposcerent,
545 1451 718 1522 saevitiamque
736 1450 913 1505 centurionum
928 1449 1080 1507 ulcisceren-

261 1529 335 1594 ttur.
371 1527 432 1583 Non
443 1547 510 1584 unus
522 1528 583 1594 haec,
596 1533 626 1582 ut
638 1527 797 1582 Pannonicas
808 1528 876 1582 inter
889 1527 1001 1600 legiones
1018 1530 1080 1584 Per·

283 1603 399 1672 cennius3
412 1623 459 1661 nec
468 1606 535 1678 apud
542 1605 654 1678 trepidas
661 1605 771 1660 militum
783 1623 864 1670 aures,
873 1605 936 1660 alios
944 1605 1080 1663 validiores

283 1690 410 1746 exercitus
421 1689 625 1763 respicientium
644 1690 690 1745 sed
701 1689 782 1744 multa
793 1688 925 1744 reditionis
936 1707 982 1744 ora
992 1708 1080 1746 vocea

283 1787 350 1840 que:
370 1769 455 1824 suain
466 1788 542 1823 manu
556 1770 632 1825 sitam
649 1787 703 1823 rem
717 1768 877 1835 Romanam
896 1768 949 1823 suis
963 1768 1079 1825 victoriis

283 1845 371 1918 augeri
390 1864 444 1901 rem
462 1846 603 1919 publicem3
619 1846 647 1901 in
665 1864 741 1901 suum
759 1851 955 1919 cognomentum
971 1845 1080 1905 adscisci

282 1923 455 1995 imperatores,

238 2005 276 2061 32
317 2000 374 2057 Nec
392 2000 492 2075 legatus
512 2000 612 2058 obviam
631 2000 702 2058 ibet:
721 2000 814 2073 quippe
830 2000 941 2073 plurium
960 2001 1080 2058 vecordia

260 2079 450 2137 2constantiam
473 2084 608 2135 exemerat.
660 2079 778 2151 Repente
801 2078 924 2151 lymphati
947 2078 1079 2135 destrictis

282 2156 372 2229 gladiis
389 2156 416 2212 in
435 2157 594 2217 centuriones
612 2156 751 2212 invadunt:
770 2175 801 2211 ea
817 2156 991 2211 vetustissima
1013 2157 1079 2212 mili-

261 2233 379 2289 8taribus
391 2234 456 2289 odiis
467 2234 593 2301 materies,
606 2238 632 2290 et
645 2232 764 2290 saeviendi
775 2234 934 2306 principium.
960 2234 1079 2289 Prostra·

281 2315 323 2365 tos
335 2310 481 2367 verberibus
493 2311 612 2377 mulcant,
627 2312 760 2384 sexagenis
772 2311 893 2383 singulos,
902 2315 933 2365 ut
941 2329 1079 2367 numerum

281 2390 457 2445 centurionum
470 2389 646 2462 adaequarent:
665 2394 721 2445 tum
733 2390 867 2445 convulsos
878 2388 1037 2461 laniatosque
1049 2394 1079 2446 et

281 2466 375 2537 partim
394 2467 522 2522 exanimos
543 2470 603 2523 ente
621 2466 715 2523 vallum
735 2466 823 2522 autin
840 2484 939 2522 amnem
955 2466 1079 2524 Rhenum

259 2544 426 2617 4projiciunt.
463 2544 600 2615 Septimius
613 2563 671 2601 cum
683 2544 838 2617 perfugisset
855 2543 889 2598 ad
904 2543 1018 2599 tribunal
1033 2563 1079 2616 pe·

282 2620 406 2693 dibuaque
419 2621 525 2678 Caecinae
537 2622 722 2689 advolveretur,
741 2640 772 2677 eo
788 2640 870 2693 nsque
884 2621 1017 2693 flagitatus
1034 2628 1078 2679 est

259 2699 362 2755 odonec
385 2698 418 2755 ad
441 2700 547 2755 exitium
570 2700 713 2756 dederetur.
749 2699 854 2755 Cassius
878 2699 991 2766 Chaerea,
1015 2718 1079 2758 mox

281 2778 350 2834 caede
362 2778 392 2834 0.
405 2777 513 2833 Caesaris
524 2778 671 2833 memoriam
682 2776 750 2849 apud
761 2783 877 2850 posteros
889 2778 1005 2851 adeptus,
1017 2782 1078 2835 tum

281 2856 427 2912 adolescens
445 2859 472 2911 et
490 2856 567 2911 enimi
584 2854 664 2921 ferox,
682 2856 751 2910 inter
767 2855 900 2911 obstantes
917 2861 945 2911 et
963 2861 1077 2913 armatos

258 2933 349 2990 dferro
360 2934 427 2990 viam
438 2933 567 3005 patefecit.
603 2932 666 2989 Non
681 2933 800 2989 tribunus
816 2934 893 3000 ultra,
910 2952 962 2989 non
978 2943 1078 2989 castro·

280 3030 338 3069 rum
361 3012 496 3086 prefectus
514 3012 558 3085 jus
577 3010 704 3067 obtinuit:
722 3011 829 3081 vigilias,
850 3012 982 3078 stationes,
1003 3017 1031 3068 et
1052 3014 1077 3070 ai
