2550 3500
332 367 379 414 842
651 418 653 423 ,
667 365 787 415 ΤΑΟΙΤΙ

971 431 1004 468 a·
1017 430 1050 469 U.
1065 431 1091 468 c.
1105 430 1127 471 si

331 480 358 532 et
378 476 446 532 eludi
464 477 575 534 Parthus
593 481 680 535 traotu
693 478 752 535 belli
768 481 876 551 poterat,
892 479 915 533 si
935 430 1020 534 Pisto
1046 486 1104 533 aut
1126 498 1127 533 ;

308 554 384 609 4suis
396 560 441 609 aut
452 554 480 609 in
493 556 580 611 alienis
598 556 708 612 eonsiliis
726 556 869 612 constantia
885 556 990 611 fuisset.
1035 556 1127 611 Veru:

330 630 375 686 ubi
386 650 402 686 a
413 632 474 687 viris
485 632 635 688 militaribus
648 632 768 689 adversus
779 636 900 704 urgentes
912 652 991 688 casus
1013 634 1127 687 firmati

330 712 393 774 erat,
414 728 510 775 rursus,
530 728 564 765 ne
583 710 671 766 aliene
691 709 823 768 sententia
846 708 965 781 indigens
984 711 1127 765 videretu:

308 786 358 840 tin
380 786 480 842 diversa
502 805 532 843 ao
554 786 680 843 deteriora
703 788 835 844 transibat¹
879 788 915 843 ut
937 792 1008 843 tune
1035 788 1127 843 relicti

329 863 449 930 hibemis‚
461 882 514 919 non
529 865 622 920 fossam
636 884 719 937 neque
735 866 828 920 vallum
844 865 893 921 sibi
909 865 957 921 sed
974 884 1097 937 eorpora
1114 884 1127 921 e

330 959 399 995 arma
418 941 446 995 in
463 941 563 997 bostem
582 942 642 997 data
660 942 798 1008 obrutam,
820 942 893 998 duxit
914 942 1035 1014 legiones
1059 962 1127 1013 quas

308 1018 416 1089 dpraelio
427 1022 578 1075 cenaturus.
614 1019 714 1075 Deinde
730 1019 821 1075 amisso
834 1020 984 1075 uenturione
997 1024 1027 1075 et
1040 1021 1128 1090 pauci

329 1094 459 1163 militibus,
472 1115 536 1168 quos
546 1096 658 1153 visendis
676 1097 788 1153 hostium
799 1098 878 1168 oopiis
890 1098 1064 1169 praemiserat,
1080 1102 1128 1151 tre

308 1171 404 1243 tpidus
416 1175 544 1230 remeavit.
580 1175 616 1230 Et
628 1174 689 1245 quia
696 1175 780 1230 minus
792 1175 884 1231 aeriter
896 1174 1043 1247 Vologeses
1056 1176 1128 1229 insti«

329 1254 405 1315 terat,
429 1270 495 1306 rana
516 1270 605 1307 rursus
627 1252 720 1307 ddueia
742 1252 794 1307 tris
815 1252 894 1307 millia
911 1252 1008 1307 delecti
1031 1252 1128 1323 peditis

329 1327 444 1398 proximo
473 1328 551 1384 Tauri
576 1329 640 1401 jugo
662 1329 791 1401 imposuit,
816 1346 867 1401 quo
889 1330 1033 1385 transitum
1056 1330 1126 1399 regis

330 1409 460 1473 eruerent}
479 1405 559 1462 alares
579 1424 680 1478 quoque
703 1406 856 1475 Pannonios,
879 1406 957 1462 robur
981 1406 1123 1477 equitatus,

309 1484 358 1538 tin
379 1489 452 1556 parte
474 1485 559 1556 eampi
575 1485 651 1541 locat,
687 1484 789 1557 conjux
808 1503 837 1540 ae
855 1485 922 1540 filius
941 1484 1056 1550 castello,
1083 1486 1122 1541 cui

329 1564 494 1617 Arsamosata
504 1565 650 1627 nomeuest,
660 1561 747 1627 abditi,
758 1561 818 1617 data
827 1562 854 1617 in
863 1562 1009 1633 presidium
1016 1563 1120 1617 eohorte

330 1658 360 1695 ue
378 1639 491 1711 dispono
511 1640 599 1705 milite,
619 1640 664 1711 qui
681 1640 708 1695 in
724 1658 776 1695 uuo
794 1639 896 1695 habitus
910 1657 1004 1711 vagum
1020 1640 1117 1694 hostem

309 1718 471 1789 spromptius
483 1718 686 1774 sustentavisset.
721 1718 801 1790 AEgre
813 1716 971 1790 compulsum
984 1716 1072 1773 ferunt
1089 1721 1116 1772 ut

330 1795 467 1850 instantem
480 1794 618 1850 Corbuloni
628 1795 760 1852 fateretur.
796 1795 854 1850 Neo
870 1813 886 1849 a
900 1793 1042 1850 Corbulone
1060 1813 1114 1866 pro

330 1876 454 1942 peratum,
467 1889 518 1942 quo
529 1871 697 1943 gliseentibus
713 1871 831 1944 perieulis
847 1872 924 1927 etiam
941 1871 1046 1927 subsidii
1062 1873 1112 1926 laus

294 1956 475 2020 loaugeretur.
510 1948 633 2020 lepediri
657 1953 744 2004 tamen
765 1948 852 2004 itineri
870 1948 970 2021 singula
988 1949 1065 2004 millia
1084 1967 1111 2003 ex

331 2026 416 2082 tribus
433 2025 575 2098 legionibus
594 2031 621 2081 et
638 2027 730 2082 alarios
745 2026 914 2098 octingentos,
929 2045 1011 2097 parem
1030 2045 1109 2082 nume-

287 2109 387 2164 llrum
407 2122 423 2160 e
441 2103 587 2159 eobortibus
603 2103 689 2176 jussit.
724 2105 762 2160 At
780 2103 927 2173 Vologeses,
944 2104 1054 2174 quamvis
1070 2104 1108 2158 ob

330 2199 423 2236 sessaa
433 2182 505 2236 Peto
516 2180 609 2236 itinera
614 2181 674 2236 hino
682 2180 800 2252 peditatu
807 2180 867 2236 inde
874 2181 959 2251 equite
970 2181 1105 2252 accepisset,

329 2258 393 2313 nihil
404 2263 503 2314 mutato
515 2258 627 2324 oonsilio,
647 2257 693 2313 sed
706 2258 733 2313 vi
750 2276 780 2313 ue
795 2257 869 2314 minis
887 2257 966 2313 alares
983 2259 1104 2322 exterruit,

329 2334 480 2406 legionarios
496 2334 619 2402 obtrivit3
637 2353 690 2390 uuo
707 2338 808 2390 tautum
822 2335 968 2391 centurione
985 2335 1104 2406 Tarquitio

331 2412 467 2468 Cresoente
478 2413 577 2479 turrim,
589 2413 618 2468 iu
628 2431 680 2485 qua
690 2411 834 2483 presidium
847 2412 966 2482 agitabat,
982 2411 1103 2468 defendere

330 2506 401 2554 auso,
414 2489 531 2561 festaque
543 2491 634 2561 sepius
647 2491 779 2562 eruptione
791 2494 817 2545 et
826 2490 897 2546 eaesis
905 2489 1101 2561 quibarbarorum

330 2566 434 2637 propius
452 2568 688 2639 suggrediebantur,
709 2568 794 2623 donee
806 2567 904 2639 ignium
920 2567 988 2638 jaotu
1006 2568 1100 2624 eireum-

309 2643 465 2702 2veuiretur.
500 2645 621 2700 Peditum
633 2646 656 2700 si
668 2645 724 2716 quis
736 2646 843 2716 integer,
859 2645 993 2716 longinqua
1004 2649 1029 2700 et
1043 2647 1097 2710 avia,

330 2720 456 2776 vulnerati
467 2725 550 2776 eastra
560 2723 709 2792 repetivere,
722 2722 844 2778 virtutem
858 2723 933 2794 regis,
950 2723 1060 2778 sevitiam
1076 2729 1097 2778 et

331 2797 415 2867 eopias
433 2796 555 2867 gentium,
574 2804 666 2853 cuneta
682 2803 753 2852 metu
768 2799 926 2864 extollentes,
944 2799 1006 2854 faeili
1019 2799 1097 2854 medu-

309 2873 403 2928 alitate
425 2891 513 2928 eorum
536 2874 580 2944 qui
602 2874 690 2929 eadem
709 2876 842 2945 pavebant.
879 2876 921 2930 Ne
939 2875 987 2930 dux
1007 2875 1095 2945 quidem

330 2949 413 3006 obniti
431 2949 550 3015 advena
569 2950 615 3006 sed
635 2955 728 3006 euneta
744 2952 841 3008 militiae
858 2952 945 3008 munia
960 2951 1092 3018 dmeruerat,
