2550 3500
160 467 175 506 A
191 467 212 508 D
232 465 277 516 16]
384 402 580 450 ANNALIUM
599 401 641 452 11.
654 404 725 451 2-6.
927 405 956 452 61

158 517 270 572 nomine.
308 513 386 574 Quod
396 513 533 582 ludibrium
545 514 657 586 effugere
675 514 811 586 agitaverit
828 514 979 580 Vononeso

158 596 182 651 iu
194 597 258 650 loco
270 591 412 648 reddemus.

191 674 320 728 Ceterum
337 670 438 726 Tiberio
455 668 525 724 haud
543 669 672 742 ingratum
688 669 782 726 accidit
799 670 898 726 turbari
915 675 982 728 res5

160 749 286 812 Orientis,
308 750 338 802 ut
360 765 390 802 ea
410 747 494 818 specie
516 747 693 802 Germanicum
714 748 794 802 suetis
814 747 956 819 legionibus

159 825 331 890 abstraheret,
347 823 471 894 novisque
488 823 623 896 provinciis
639 825 788 897 impositum
806 824 864 880 dolo
882 824 957 880 simul

158 911 181 960 et
200 902 307 960 casibus
323 901 470 973 objectaret.
506 903 544 956 At
561 901 610 967 ille,
629 906 725 974 quanto
742 902 839 958 acriora
854 902 882 957 in
899 907 982 958 eumn

159 980 250 1038 studia
274 979 385 1034 militurn
404 982 432 1034 et
455 997 543 1034 aversa
566 979 653 1050 patrui
672 979 798 1046 voluntas,
820 979 958 1036 celeranda

159 1057 278 1114 victoriae
288 1055 418 1121 intentior,
431 1059 542 1111 tractare
557 1056 701 1127 praeliorum
716 1057 778 1123 vias,
791 1060 818 1112 et
836 1075 893 1128 qnae
909 1056 959 1112 sibi
977 1079 982 1096 ¹

159 1136 268 1192 tertium
278 1133 331 1205 jam
343 1151 436 1188 aunum
454 1131 610 1206 belligeranti
629 1153 695 1189 saeva
709 1135 750 1190 rel
765 1153 887 1206 prospera
903 1154 958 1190 eve

159 1215 269 1268 nissent.
305 1209 390 1266 Fundi
411 1211 550 1266 Germanos
571 1211 623 1268 acie
645 1216 673 1267 et
691 1212 769 1284 justis
787 1212 857 1278 loeis,
873 1211 980 1284 juvaris

160 1291 240 1354 silvis,
263 1287 404 1359 paludibus,
427 1287 498 1344 brevi
521 1292 610 1344 aestate
634 1293 661 1344 et
684 1297 836 1360 praematura
858 1290 980 1358 bieme35

159 1386 238 1424 snum
263 1365 367 1420 militem
388 1363 457 1420 haud
477 1366 580 1436 perinde
600 1365 747 1421 vulneribus
770 1385 846 1438 quam
868 1367 958 1438 spatiis

159 1446 292 1508 itinerum,
306 1441 396 1496 damno
413 1460 540 1496 armorum
555 1441 645 1510 adiici;
663 1444 744 1498 fessas
763 1443 857 1499 Gallias
872 1445 958 1500 minis·

159 1520 262 1578 itandis
280 1519 367 1590 equis;
385 1518 489 1590 longum
505 1519 744 1590 impedimentorum
760 1539 851 1592 agmen
868 1539 957 1593 oppor-

159 1604 255 1654 tunum
268 1595 300 1652 ad
311 1595 422 1662 insidias,
436 1595 626 1654 defensantibus
637 1598 761 1670 iniquum.
796 1599 834 1654 At
850 1599 873 1654 si
888 1610 981 1668 marcq

159 1678 283 1740 intretur,
293 1677 436 1746 promptam
448 1673 510 1745 ipsis
522 1675 708 1746 possessionem
719 1680 746 1731 et
757 1675 875 1732 hostibus
887 1677 957 1750 igno

158 1759 223 1819 tam,
237 1752 315 1809 simul
325 1752 418 1807 bellum
431 1753 556 1808 maturius
571 1754 656 1825 incipi,
668 1752 831 1827 legionesque
846 1759 873 1810 et
889 1774 958 1811 com·
974 1807 979 1813 .

158 1836 262 1889 meatus
280 1830 375 1901 pariter
395 1830 470 1897 vehi3
487 1830 617 1902 integrum
634 1831 746 1903 equitem
764 1850 893 1904 equosque
910 1852 956 1905 per

158 1929 206 1965 ons
218 1914 246 1963 et
259 1907 343 1962 alveos
360 1907 493 1962 fluminum
510 1908 593 1963 media
607 1908 636 1963 in
653 1909 788 1965 Germania
803 1910 866 1965 lore.
901 1910 980 1983 igi-6

158 1992 205 2043 tur
228 1987 280 2041 hue
297 1984 416 2051 intendit,
434 1985 519 2041 missis
536 1985 569 2041 ad
586 2004 677 2041 census
701 1987 839 2043 Galbanum
858 1988 892 2043 ‘P.
911 1989 956 2042 Vi-

157 2064 232 2120 tellio
245 2066 272 2118 et
291 2062 319 2117 O.
332 2062 420 2117 Antio.
457 2062 534 2119 Silius
550 2068 577 2119 et
595 2064 705 2119 Anteius
720 2069 748 2119 et
763 2064 865 2120 (lecina
880 2064 956 2120 fabri·
976 2098 981 2134 :

156 2141 250 2199 eandae
268 2139 343 2195 classi
358 2144 548 2212 praeponrmtur.
584 2140 658 2197 Mille
673 2160 750 2197 naves
766 2142 880 2198 sufficere
894 2142 977 2197 visaea

156 2220 369 2293 properataque:
388 2218 443 2272 alim
454 2216 552 2283 breves,
565 2222 676 2291 angusta
692 2219 771 2291 puppi
784 2237 910 2291 proraque
927 2224 955 2275 et

155 2298 213 2353 lato
237 2298 321 2360 utero,
346 2312 397 2367 quo
420 2294 520 2351 facilius
543 2294 638 2351 flnctus
661 2296 816 2363 tolerarent;
840 2296 955 2367 quadam

155 2376 244 2447 planae
263 2371 362 2438 earinis,
380 2375 410 2427 ut
427 2372 482 2427 sine
496 2390 564 2427 noxa
577 2372 708 2439 siderent3
725 2374 811 2445 plures
832 2374 955 2447 appositis

155 2452 285 2523 utrinque
308 2448 493 2521 gubernaculis,
520 2468 643 2505 converso
667 2455 698 2505 nt
718 2456 823 2524 repente
847 2451 954 2525 remigio

157 2530 220 2585 hinc
244 2527 287 2583 vel
310 2526 378 2583 illinc
402 2526 565 2599 appellerent.
601 2528 694 2584 Multae
716 2529 837 2599 pontibus
858 2534 979 2595 stratam

157 2624 239 2679 super
258 2622 321 2676 quas
337 2608 465 2659 tormenta
481 2605 643 2671 veherentru,
663 2606 739 2661 simul
758 2611 824 2679 aptae
843 2604 955 2663 ferendis
974 2604 978 2609 ’

160 2838 218 2893 sula
240 2838 400 2893 Batavorum
422 2836 450 2891 in
473 2856 549 2909 quam
572 2838 744 2905 convenirent,
768 2838 896 2911 predicta,
920 2839 954 2893 ob

159 2914 251 2971 faciles
271 2914 393 2987 appulsus
413 2914 615 2988 accipiendisque
636 2915 716 2987 copiis
736 2919 763 2972 et
781 2917 954 2971 transmitten-

159 2992 224 3049 dum
242 2992 276 3049 ad
294 2992 390 3049 bellum
410 2996 561 3065 opportune.
597 2992 666 3049 Nam
686 2987 793 3051 Rhenus
813 3011 864 3049 uno
883 2992 976 3048 alveot
