2550 3500
204 438 265 475 Ad).
275 437 317 486 8⁵¹]
413 376 463 424 AN
466 377 610 425 NALIUM
628 376 672 426 VI.
692 381 799 428 36-39.
953 381 1001 428 2⁰5

206 488 323 551 Caesaris,
338 505 394 557 quac
405 488 541 560 utrobique
553 490 664 560 pulchra,
674 490 834 557 meminerit;
851 488 916 555 illos,
929 489 1001 545 obse·

204 564 293 634 quium
306 564 333 617 in
344 583 437 635 regem,
447 566 613 621 reverentiam
622 566 650 621 in
658 586 712 632 nos,
722 567 798 622 decus
809 567 915 638 quisque
923 585 999 621 suum

203 647 231 696 et
250 640 333 729 fidem,
352 643 499 699 retinerent.
535 644 603 699 llxin
620 663 680 700 cum
694 644 837 716 legionibus
853 644 882 699 in
899 644 997 715 Syriam

203 726 334 773 remcavit.

137 837 143 876 J
240 795 307 853 Quae
326 794 423 853 duabus
444 796 575 853 estatibus
595 803 676 870 gesta,
696 797 825 869 conjunxi,
847 816 897 869 quo
914 797 1044 869 requi-38

133 890 134 899 ¹
204 877 303 929 esceret
322 874 420 929 animus
442 892 457 927 a
476 874 621 930 domesticis
639 876 720 931 malis,
756 876 818 930 Non
837 876 904 930 enim
924 875 998 930 Tibe-

204 950 278 1013 rium,
292 968 435 1021 quanquam
443 952 551 1006 trienuio
559 956 616 1023 post
626 952 718 1009 cadem
728 952 820 1024 sejani,
832 971 888 1023 quae
897 956 997 1008 ceteros

204 1027 302 1082 mollire
314 1027 404 1092 solent,
417 1036 526 1099 tempus,
540 1048 634 1100 preces,
655 1031 740 1095 satias,
759 1030 918 1101 mitigabant,
937 1029 999 1101 quin

204 1104 303 1159 incerta
313 1104 355 1159 vel
366 1104 461 1159 abolita
471 1124 518 1175 pro
530 1104 686 1177 gravissinfis
698 1111 725 1161 et
732 1106 878 1163 recentibus
885 1107 997 1178 puniret.

204 1182 244 1237 Eo
264 1185 337 1236 metu
355 1182 485 1237 Fulcinius
503 1183 563 1238 'l'rio
581 1183 730 1255 ingruentes
745 1188 906 1239 accusatores
929 1183 1021 1239 haudl

203 1276 348 1330 perpessus,
362 1259 486 1330 supremis
498 1260 592 1318 tabulis
604 1261 686 1315 multa
697 1265 723 1315 ct
741 1261 837 1316 atrocia
851 1262 879 1315 in
895 1261 997 1316 Macro-

203 1354 264 1391 nem
283 1353 312 1390 ac
330 1336 470 1407 praecipuos
490 1336 639 1393 libertomm
659 1338 766 1393 Caesaris
782 1337 931 1408 composuit,
948 1338 998 1408 ipsi

204 1414 301 1467 fluxam
322 1413 392 1468 senio
416 1417 528 1469 mentem
545 1421 572 1469 et
589 1415 710 1469 continuo
730 1413 850 1469 abscessu
866 1410 937 1468 velut
955 1432 997 1468 ex-

204 1489 277 1545 ilium
296 1488 454 1561 objectando.
491 1490 563 1555 Qum,
582 1489 613 1547 ab
631 1490 767 1546 herodibus
784 1490 919 1555 occultata,
932 1491 1019 1545 reci-t

204 1567 256 1621 tari
264 1566 380 1622 Tiberius
385 1567 471 1639 jussit,
479 1566 627 1637 patientiam
636 1567 761 1623 libertatis
771 1566 858 1621 aliena
865 1570 997 1622 ostentans

205 1648 232 1699 et
253 1648 413 1716 contemptor
432 1664 484 1699 sum
503 1644 628 1712 infamiae3
647 1664 687 1710 an,
708 1644 831 1699 scelerum
851 1644 935 1715 Sejani
952 1643 998 1699 diu

204 1722 314 1787 uescina,
328 1740 387 1777 mox
399 1740 500 1794 quoquo
512 1721 587 1778 modo
600 1722 670 1778 dicta
684 1722 784 1795 vulgari
799 1720 916 1790 malebat,
931 1722 997 1777 veri-

204 1800 326 1870 tatisque,
346 1800 388 1854 cui
399 1799 511 1855 adulatio
523 1800 607 1865 officit,
620 1819 667 1872 per
683 1800 777 1872 probra
794 1800 884 1856 saltem
901 1818 996 1870 gnarus

130 1935 132 1948 ‚
204 1877 267 1932 ficri.
303 1877 389 1932 Isdem
410 1877 498 1934 dicbus
518 1878 627 1933 Granius
647 1879 794 1934 Marcianus
815 1882 917 1933 senator
932 1896 947 1932 a
964 1877 1019 1932 G.4

206 1954 321 2010 Graccho
342 1955 482 2026 majestatis
501 1955 653 2026 postulatus,
674 1956 727 2010 vim
745 1956 806 2010 vitae
820 1973 873 2010 snm
892 1954 995 2021 attulit;

204 2032 345 2103 Tatiusque
359 2032 502 2097 Gratianus,
516 2037 627 2104 praetura
644 2033 756 2101 iunctus,
775 2032 832 2104 lege
852 2030 939 2087 eadem
954 2049 996 2086 ex·

204 2113 316 2164 tremum
335 2108 367 2162 ad
382 2109 531 2180 supplicium
551 2109 692 2167 damnatus.
727 2109 785 2164 Nec
805 2108 917 2178 dispares
936 2108 1042 2166 Tre39

204 2186 307 2241 bellieni
327 2186 389 2240 Rufi
410 2191 436 2240 et
456 2186 536 2241 Sentii
555 2187 692 2242 Paconiani
705 2187 804 2241 exitus:
822 2203 881 2239 nam
896 2184 996 2240 Trebel-

204 2263 288 2318 licnus
312 2281 359 2318 sua
381 2281 458 2318 manu
481 2262 580 2328 cecidit,
606 2263 766 2318 Paconianus
788 2262 816 2316 in
840 2279 940 2316 carcere
963 2261 996 2316 ob

205 2340 318 2396 carmina
335 2340 386 2396 illio
404 2341 432 2395 in
450 2341 588 2411 principem
611 2340 729 2395 factitata
753 2338 927 2410 strangulatus
975 2343 995 2396 t.

205 2417 272 2473 Haec
292 2416 407 2472 'liberius
426 2435 478 2471 non
496 2417 567 2482 mari,
586 2421 617 2471 ut
636 2417 704 2482 olim,
726 2415 830 2480 divisus,
850 2434 932 2487 neque
951 2430 1019 2486 pera

204 2494 357 2566 longinquos
369 2494 472 2550 nuntios
485 2493 630 2564 accipiebat,
644 2493 690 2548 sed
703 2492 793 2548 urbem
810 2492 892 2564 juxta,
909 2491 998 2548 eodem

203 2575 235 2626 ut
248 2569 290 2626 die
301 2570 343 2626 vel
354 2571 436 2625 noctis
448 2570 585 2641 interp'cctu
596 2571 690 2626 litteris
698 2569 830 2626 consulum
838 2569 997 2636 rescriberet,

204 2647 279 2719 quasi
300 2647 425 2718 aspiciens
443 2645 580 2702 undantem
602 2666 649 2718 per
672 2647 760 2702 domos
784 2647 933 2718 sangninem
952 2651 998 2701 aut

203 2743 296 2782 manus
321 2725 474 2779 carnificum.
510 2724 573 2779 Fine
594 2724 655 2778 anni
673 2725 799 2796 Poppaeus
817 2723 926 2778 Sabinus
939 2737 1022 2783 con-3

204 2803 284 2858 cessit
304 2802 365 2866 vita,
385 2800 500 2856 modicus
519 2801 631 2873 originis,
653 2801 797 2872 principum
816 2800 927 2856 amicitia
941 2817 999 2854 oon-

206 2879 320 2934 solatum
350 2897 379 2934 ac
408 2877 562 2950 triumphale
591 2878 669 2934 decus
693 2878 810 2950 adeptus,
833 2876 1000 2947 maximisque

207 2954 345 3026 provinciis
369 2973 415 3027 per
439 2958 561 3026 quattuor
584 2959 611 3010 et
635 2955 728 3027 viginti
751 2971 830 3010 annos
859 2952 1001 3024 impositus,
