2550 3500
305 356 353 403 890
643 354 763 403 raelrr

927 417 961 465 [n.
972 416 999 455 u.
1010 417 1031 455 c.
1042 416 1087 456 aro.

301 465 361 520 inde
377 464 550 530 intemeratus,
566 465 722 537 impollutus,
736 484 842 537 quorum
859 465 973 537 vestigiis
991 470 1018 521 et
1035 470 1092 519 stu-

279 541 440 597 odiisvitam
451 541 560 608 durent,
573 561 660 597 eornm
673 543 753 615 gloria
764 546 863 614 peteret
874 543 956 597 finem.
992 542 1092 597 Aderat
1152 612 1153 619 ἵ

301 619 405 673 consilio
417 619 540 674 Rusticus
550 619 686 685 Arulenus,
696 620 805 691 flagrans
815 619 924 691 juvenis,
934 622 961 675 et
973 618 1092 689 cupidine

302 696 382 751 leudis
406 696 529 751 offerebat
552 714 580 751 se
602 696 801 752 intercessurum
825 700 928 752 senatus
956 694 1090 751 consulto:

281 776 360 827 lnam
371 772 438 843 plebi
455 772 573 828 tribunus
589 779 652 833 erat.
689 774 809 829 Cohibuit
828 774 932 844 spiritus
944 773 999 843 ejus
1011 772 1093 827 Thra-

302 868 352 915 sea,
365 868 398 904 ne
409 868 474 904 vana
485 853 512 903 et
523 868 631 905 reonon
645 850 786 921 profutura,
806 850 967 906 intercessori
984 850 1093 905 exitiosa

257 995 259 998 Ι
301 927 431 997 inciperet.
469 926 523 981 Sibi
540 932 623 981 actam
639 930 750 993 aetatem,
770 932 797 983 et
814 932 856 983 tot
873 946 919 999 per
936 945 1015 981 annos
1034 944 1092 981 con·

301 1004 403 1057 tinuum
426 1003 486 1057 vitre
509 1003 622 1058 ordinem
645 1022 697 1059 non
720 1004 901 1060 deserendum:
931 1004 968 1059 illi
990 1003 1092 1059 initium

280 1081 497 1151 magistratuum
511 1085 538 1135 et
554 1080 722 1152 integraque
735 1082 870 1153 supersint.
906 1081 1021 1135 Multum
1033 1084 1092 1135 ante

302 1176 388 1211 secum
404 1156 557 1227 erpenderet
574 1156 643 1227 quod
659 1158 705 1212 tali
717 1158 744 1212 in
760 1165 873 1229 tempore
885 1156 1044 1229 capessendae
1054 1156 1093 1211 rei

302 1233 410 1303 publica
422 1235 472 1287 iter
485 1233 669 1304 ingrederetur.
707 1234 828 1290 Ceterum
842 1235 905 1305 ipse,
919 1252 952 1289 an
967 1232 1053 1289 venire
1065 1234 1093 1288 iu

259 1312 293 1366 27
302 1315 417 1365 senatum
429 1310 537 1375 deceret,
556 1302 716 1367 meditationi
730 1331 783 1367 suae
794 1312 904 1383 reliquit.
941 1314 977 1365 At
989 1314 1092 1381 postera

302 1388 358 1442 lucc
370 1386 426 1442 duaa
438 1387 562 1457 praetoria
570 1388 687 1443 cohortes
699 1394 802 1444 armata
813 1389 936 1459 templum
949 1387 1092 1443 Genetricis

302 1465 410 1519 Veneris
427 1463 549 1519 insedere.
585 1464 692 1519 Aditum
710 1470 813 1521 senatus
831 1466 921 1537 globus
941 1468 1091 1537 togatorum

302 1540 435 1596 obsederat
446 1558 498 1595 non
513 1541 620 1597 occultis
636 1542 743 1613 gladiis;
763 1542 919 1613 dispersique
936 1560 981 1613 pen
992 1542 1047 1596 lora
1059 1559 1089 1597 ac

281 1618 417 1674 abasilicas
435 1618 509 1673 cunei
528 1618 658 1673 militares.
695 1618 769 1673 Inter
792 1637 900 1689 quorum
923 1628 1040 1689 aspectus
1064 1622 1092 1672 et

303 1696 383 1750 minas
399 1695 508 1766 ingrcssi
523 1696 618 1751 curiam
632 1700 770 1762 senatores,
784 1700 811 1751 et
822 1696 904 1752 oratio
915 1694 1034 1768 principis
1046 1712 1093 1765 per

303 1778 454 1841 quaestorem
471 1773 527 1844 ejus
545 1772 632 1828 audita
649 1778 704 1828 est:
728 1773 829 1828 nemine
852 1773 1001 1828 nominatim
1024 1789 1094 1826 com-

304 1851 396 1920 pellato
408 1855 493 1920 patres
505 1851 628 1921 arguebat
641 1851 709 1922 quod
726 1852 828 1923 publica
839 1851 926 1906 munia
937 1851 1092 1916 desererent,

304 1945 440 1996 eorumque
449 1927 563 1998 exemplo
572 1929 672 1997 equites
681 1929 791 1984 Romani
803 1928 835 1983 ad
847 1929 982 2000 segnitiam
993 1931 1094 1982 uteren-

283 2008 355 2060 3tur.
391 2004 494 2059 Etenim
506 2003 568 2074 quid
581 2005 673 2060 mirum
685 2024 699 2060 e
711 2005 855 2078 longinquis
870 2005 1007 2076 provinciis
1024 2004 1095 2059 haud

304 2081 394 2149 veniri,
416 2099 474 2136 cum
497 2079 611 2152 plerique
628 2081 714 2154 adepti
732 2083 891 2138 consulatum
909 2087 935 2138 et
953 2081 1096 2138 sacerdotia

304 2159 436 2214 hortorum
460 2159 546 2229 potius
570 2159 711 2214 amoenitati
733 2160 893 2216 inservirent.
929 2159 1007 2219 Quod
1023 2159 1095 2214 velut

261 2240 297 2292 28
305 2236 384 2290 telum
395 2236 539 2306 corripuere
550 2241 719 2292 accusatores.
755 2238 790 2292 Et
800 2237 900 2292 initium
912 2237 1020 2292 iaciente
1033 2235 1097 2291 Cos·
1152 2297 1153 2300 Ἴ

305 2314 413 2378 sutiano,
437 2313 576 2384 majorevi
593 2314 730 2369 Marcellus
749 2333 872 2368 summam
889 2333 943 2368 rem
968 2313 1097 2384 publicam
1152 2317 1153 2324 ’

305 2390 347 2461 agi
365 2389 527 2456 clamitabat,
546 2391 704 2446 contumacia
727 2391 874 2446 inferiorum
897 2391 1029 2446 lenitatem
1049 2390 1097 2444 im·
1152 2391 1153 2416 ³

283 2469 437 2540 aperitautis
450 2468 569 2523 deminui.
605 2470 718 2525 Nimium
729 2469 911 2524 mitesadcam
924 2469 989 2524 diem
1001 2472 1098 2540 patres,
1152 2481 1153 2530 ζ

305 2547 348 2616 qui
357 2547 493 2600 Thraseam
503 2545 691 2612 desciscentem,
700 2547 744 2618 qui
753 2566 874 2618 generum
884 2548 938 2618 ejus
948 2545 1099 2602 Helvidium
1152 2547 1153 2562 ¹

304 2625 420 2680 Priscum
437 2625 466 2678 in
481 2624 562 2679 isdem
585 2625 721 2692 furoribus,
747 2626 824 2680 simul
847 2625 986 2681 Paconium
1004 2625 1099 2697 Agrip·
1152 2649 1153 2688 T

305 2703 393 2772 pinum
411 2702 510 2772 paterni
527 2703 555 2756 in
571 2703 698 2774 principes
716 2703 767 2758 odii
785 2703 911 2768 heredem,
931 2707 957 2758 ct
976 2702 1099 2759 Curtium

305 2781 457 2834 Montanum
471 2779 620 2835 detestanda
630 2781 741 2836 carmina
758 2781 924 2847 factitantem,
937 2779 1039 2834 eludere
1053 2780 1100 2834 lm-
1152 2797 1153 2854 f

284 2875 373 2926 apune
398 2856 516 2912 sinerent.
553 2858 693 2929 Requirere
717 2877 744 2914 sc
766 2859 794 2913 in
817 2863 908 2914 senatu
932 2857 1099 2923 consularem,
1152 2927 1153 2936 ἵ

306 2934 335 2990 in
349 2933 416 2989 votis
434 2933 597 3001 sacerdotem,
615 2936 642 2990 in
656 2935 820 3008 jurejurando
837 2935 925 3001 civem,
943 2933 992 2990 uisi
1009 2940 1102 2991 contra
1152 2993 1153 3006 q
