2550 3500
270 340 317 387 220
604 336 724 386 TAClTI

898 399 935 449 [A.
944 400 973 441 u.
981 401 1005 440 o.
1015 400 1062 441 aco.

247 450 375 507 antarum.
412 449 521 505 Sedente
539 448 646 503 Claudio
661 448 815 508 circensibus
826 447 901 515 ludis,
914 467 973 504 cum
988 450 1063 520 pueri

269 527 366 583 nobiles
378 528 449 597 equis
461 526 587 581 ludicrum
604 526 687 597 Trojae
703 526 805 591 inirent,
817 526 935 597 interque
949 545 993 581 eos
1004 526 1063 581 Bri·

269 604 386 659 tannicus
401 605 552 675 imperatore
568 604 680 675 genitus,
693 607 720 659 et
738 604 769 658 L.
782 603 912 658 Domitius
924 602 1062 674 adoptione
1149 643 1150 658 ,

269 700 330 736 mox
352 682 379 735 iu
396 681 528 752 imperium
546 684 572 735 et
591 684 787 752 cognomentum
805 680 917 735 Neronis
941 679 1065 746 adscitus,

270 758 343 813 favor
358 758 440 829 plebis
452 758 533 813 acrior
549 757 577 812 iu
588 758 732 813 Domitium
743 758 798 813 loeo
814 757 932 829 prasagii
943 762 1065 828 acceptus

248 844 264 891 6
272 839 319 889 est.
355 835 566 907 vulgabaturque
586 835 689 890 affuisse
709 835 823 891 infautia
837 836 891 907 ejus
903 834 1026 889 dracones
1037 834 1067 889 in

271 912 374 967 modum
391 912 533 978 custodum,
555 912 671 968 fabulosa
684 917 710 967 et
728 912 839 968 externis
856 912 984 967 miraculis
1002 912 1068 967 assi-

271 990 383 1045 mulata:
408 1008 466 1044 uam
482 990 544 1061 ipse,
563 990 758 1061 haudquaquam
774 990 815 1045 sni
832 989 967 1054 detractor,
986 1007 1068 1045 uuam

272 1068 374 1121 omnino
391 1086 499 1139 anguem
512 1068 540 1123 in
557 1068 673 1123 eubiculo
689 1068 771 1123 visam
787 1086 889 1123 narrare
907 1067 997 1123 solitus
1015 1071 1066 1121 est.

229 1146 370 1199 liVerum
392 1144 521 1201 inclinatio
544 1145 632 1216 populi
655 1149 787 1215 supererat
808 1164 841 1199 ex
863 1148 985 1199 memoria
1004 1145 1067 1199 Ger·

273 1222 371 1287 manici,
401 1223 473 1293 cujus
501 1222 544 1277 illa
562 1223 659 1293 reliqua
685 1222 786 1277 suboles
809 1222 906 1289 virilis3
937 1226 964 1277 et
987 1220 1069 1276 matri

272 1299 419 1370 Agrippinae
431 1300 559 1355 miseratio
573 1300 714 1371 augebatur
725 1298 758 1355 ob
776 1299 899 1354 sevitiam
910 1298 1066 1362 Messalinae,

274 1394 330 1446 qua
353 1396 452 1448 semper
474 1378 568 1432 infesta
590 1382 617 1431 et
640 1380 704 1431 tunc
727 1377 882 1441 commotior,
907 1394 957 1447 quo
980 1376 1068 1429 minus

274 1458 384 1509 strueret
392 1455 496 1510 crimina
507 1458 534 1510 et
545 1457 712 1518 accusatores,
725 1472 799 1519 novo,
812 1457 839 1509 et
850 1454 930 1507 lurori
941 1453 1067 1523 proximo,

250 1536 358 1587 2amorc
370 1532 545 1588 distinebatur.
581 1532 651 1587 Nam
662 1531 689 1585 in
701 1532 730 1585 Ο.
744 1532 842 1595 Silium,
853 1530 999 1602 juventutis
1012 1531 1069 1584 Bo-

274 1628 353 1665 manue
371 1610 573 1680 pulcherrimum,
586 1610 624 1664 ita
641 1614 777 1674 exarserat,
790 1613 820 1663 ut
829 1610 846 1663 J
847 1609 933 1663 uniam
947 1608 1067 1672 Silanum,

274 1686 383 1741 nobilem
395 1687 520 1754 feminam,
533 1687 693 1741 matrimonio
706 1687 760 1758 ejus
769 1686 924 1753 exturbaret,
937 1704 1070 1758 vacuoque
1149 1719 1151 1732 ι

254 1763 390 1819 audultero
408 1770 546 1836 poteretur.
583 1765 676 1836 Neque
697 1766 774 1820 Silius
791 1765 883 1837 flagitii
900 1769 944 1819 aut
962 1763 1071 1836 periculi

275 1842 375 1896 nescius
388 1846 458 1896 erat:
478 1843 521 1897 sed
534 1846 610 1907 certo,
625 1843 647 1897 si
661 1842 792 1908 abnueret,
809 1843 895 1908 exitio,
908 1847 935 1897 et
947 1842 1072 1896 nonnulla

275 1919 377 1974 fallendi
395 1939 447 1990 spe,
467 1920 542 1974 simul
557 1920 656 1991 magnis
673 1921 790 1991 premiis,
808 1920 919 1991 opperiri
933 1920 1024 1974 futura
1043 1923 1071 1974 et

253 1997 441 2068 apresentibus
460 1998 511 2052 frui
525 2015 570 2068 pro
587 1997 678 2052 solatio
694 1997 810 2053 babebat.
846 1997 896 2052 llla
907 2015 959 2051 non
970 1997 1069 2061 emim,

277 2073 322 2130 sed
333 2075 413 2130 multo
425 2075 548 2130 comitatu
564 2076 689 2130 ventitare
706 2075 817 2139 domum,
831 2074 975 2145 egressibus
987 2074 1073 2128 adha-

253 2159 382 2218 erescere,
393 2152 478 2224 largiri
488 2171 556 2223 opes,
565 2153 682 2207 honores.
713 2154 855 2216 Postremo,
864 2151 934 2206 velut
945 2152 1072 2206 translata

274 2233 328 2299 jam
340 2229 449 2295 fortuna,
463 2229 536 2294 servi,
553 2229 645 2296 liberti,
659 2236 763 2300 paratus
774 2229 908 2300 Principis,
921 2228 989 2300 apud
1000 2229 1072 2284 adul·

278 2311 362 2362 lerum
375 2307 526 2362 visebantur.

236 2401 271 2455 13
313 2386 349 2438 At
375 2385 495 2440 Claudius
514 2383 668 2440 matrimonii
685 2384 727 2440 aui
743 2384 848 2456 ignarus
865 2388 892 2440 et
909 2383 997 2438 munia
1014 2401 1072 2438 cen-

279 2463 346 2515 soria
357 2481 488 2532 usurpans,
501 2463 651 2517 theatralem
662 2462 749 2532 populi
757 2462 885 2517 lasciviam
896 2461 992 2516 severis
1004 2461 1072 2516 edic·

278 2539 312 2592 tis
325 2540 457 2608 increpuit,
472 2540 539 2610 quod
553 2541 580 2594 in
595 2539 715 2595 Publium
726 2540 895 2611 Pomponium
912 2538 1072 2594 consularem

280 2617 313 2685 (is
325 2617 435 2670 earmina
447 2636 527 2672 soenae
539 2617 634 2685 dabat)
648 2617 725 2687 inque
736 2617 843 2671 feminas
854 2616 966 2671 illustres
978 2615 1074 2685 probra

256 2694 380 2763 ejecerat.
416 2694 452 2747 m
475 2694 530 2764 lege
553 2695 606 2748 lata
629 2695 752 2748 saevitiam
776 2694 930 2749 creditorum
951 2693 1072 2760 co'e'rcuit,

279 2788 311 2824 ne
324 2771 350 2824 in
362 2777 469 2824 mortem
482 2776 615 2840 parentum
625 2771 744 2841 pecunias
756 2771 814 2825 filiis
826 2770 978 2824 familiarum
989 2769 1074 2824 l'euori

280 2847 378 2902 darent.
414 2847 558 2918 Fontesque
576 2867 696 2918 aquarum
714 2848 894 2903 aSimbrniuis
912 2846 1019 2902 collibus
1032 2847 1074 2904 de

258 2923 369 2978 tduotoa
382 2925 439 2980 urbi
450 2925 544 2980 intulit.
575 2927 614 2980 Ae
625 2943 704 2980 novas
716 2925 858 2982 litterarum
868 2924 963 2980 formas
974 2923 1073 2980 addidit
