2550 3500
180 448 198 487 Α
215 446 233 487 D
249 446 292 496 m
397 384 593 433 ANNALIUM
610 387 666 436 XV.
687 389 757 435 1-5.
919 392 966 439 839

179 516 298 567 squatum
310 496 381 568 regio
393 499 440 564 est,
452 497 556 553 castello
566 497 680 555 iontrbus
689 498 825 571 imposita;
843 500 967 570 quosdam

177 575 244 629 rivos
265 577 389 646 congestu
407 592 489 629 arene
509 574 613 630 abdidit.
649 576 689 631 Ea
707 576 768 631 dum
787 595 803 631 e
823 576 994 635 Corbuloned

177 650 277 706 tuendo
297 652 375 722 Syriae
391 654 520 721 parantur,
539 656 596 707 acto
610 653 704 724 raptim
720 654 820 726 agmine
837 655 965 724 Moneses,

176 732 207 782 nt
218 728 311 783 famam
322 728 363 782 sui
378 727 488 799 praeiret,
505 746 556 783 non
572 729 629 785 ideo
643 730 757 786 nescium
774 734 819 787 aut
835 732 966 790 incautum

176 807 302 876 'l'igrenen
314 804 427 859 offendit.
463 805 638 877 Oocnpsverat
649 808 863 879 ligranooertem,
876 810 990 868 urbemt

176 883 249 954 copis
271 881 432 937 defensorum
454 885 481 937 et
504 883 680 954 msguitudine
704 887 824 942 moenium
847 887 963 944 validam.

177 960 219 1015 Ad
236 960 285 1015 hoc
302 958 472 1031 Nicephorius
489 960 569 1015 omnis
586 960 656 1016 bend
673 963 813 1033 spernenda
830 964 988 1023 latitudines

177 1040 275 1107 portem
293 1054 423 1091 murorum
442 1036 538 1104 ambit3
557 1041 584 1092 et
602 1037 681 1093 ducta
700 1039 790 1111 ingens
813 1041 889 1109 fossa,
915 1062 965 1115 qus

174 1114 252 1169 fluvio
269 1112 435 1168 diffidebatur.
471 1114 627 1186 Inerantque
645 1115 739 1171 milites
754 1122 781 1171 et
795 1119 890 1189 provisi
904 1125 989 1175 antet

174 1194 346 1257 commestus3
365 1208 473 1261 quorum
490 1191 615 1247 subvectu
631 1192 708 1263 pauci
723 1193 821 1250 avidius
835 1198 965 1269 progressi

174 1272 201 1322 et
223 1267 362 1339 repentinis
385 1267 502 1323 hostibus
525 1269 699 1335 cncumvmti,
723 1270 762 1325 ira
781 1273 862 1345 magis
888 1293 964 1345 quum

173 1349 244 1400 metu
268 1348 366 1399 ceteros
390 1345 563 1401 accenderent.
600 1346 652 1401 Sed
670 1347 766 1403 Partho
786 1348 819 1403 ud
838 1362 987 1422 exequen-5

173 1424 218 1478 des
230 1423 372 1479 obsidiones
388 1424 458 1479 nulle
476 1425 616 1481 comminus
640 1426 762 1482 audacis:
780 1428 845 1483 raris
861 1431 963 1501 sagittis

172 1520 254 1574 neque
266 1502 365 1558 clausos
385 1506 498 1558 exterret
517 1508 544 1559 et
563 1507 644 1559 semet
656 1504 802 1560 frustratur.
838 1506 986 1563 Adiabenit

133 1637 134 1642 χ
172 1597 231 1635 curn
253 1596 400 1652 promovere
424 1580 503 1635 scolas
527 1584 555 1635 et
583 1580 786 1637 machinamenta
813 1582 961 1655 inciperent,

171 1656 245 1713 facile
268 1657 373 1723 detrusi,
396 1674 458 1712 mox
480 1658 672 1731 erumpentibus
700 1659 795 1715 nostris
822 1660 961 1718 ceduntur.

172 1734 282 1792 Corbrlo
293 1739 386 1802 temen,
406 1734 520 1808 quamvis
536 1735 653 1792 secundis
670 1735 746 1792 rebus
759 1737 819 1804 suis,
831 1738 988 1801 moderas-5

171 1813 232 1868 dum
249 1815 359 1870 iortunee
375 1817 447 1869 retus
465 1814 535 1868 misit
553 1813 586 1868 sd
608 1813 753 1886 Vologesen
776 1816 821 1888 qui
844 1821 962 1889 expostu-

170 1890 455 1963 larentvimprosinoiae
464 1890 577 1946 illatam:
596 1892 693 1948 socium
701 1893 859 1966 amicumque
868 1913 961 1969 regem,

170 1967 287 2023 cohortes
299 1969 428 2023 Romanos
444 1967 624 2024 circumsideri.
660 1969 799 2026 Omitteret
816 1972 902 2043 potius
918 1973 986 2030 obn

170 2044 301 2110 sidionem,
314 2049 360 2101 aut
371 2065 398 2101 se
408 2064 508 2117 quoque
516 2047 544 2101 in
552 2065 614 2118 agro
622 2047 710 2102 hostili
719 2052 803 2103 castre
810 2049 960 2120 positurum.

170 2122 307 2192 Casperius
330 2124 446 2178 centurio
468 2124 497 2178 iu
517 2141 572 2178 eam
589 2123 742 2194 legationem
760 2124 873 2181 delectus
894 2127 961 2198 apud

169 2199 291 2270 oppidum
306 2199 416 2265 Nisibin,
432 2205 530 2272 septem
544 2204 571 2255 et
585 2201 694 2272 triginta
711 2201 821 2257 millibus
840 2221 961 2274 passuum

169 2295 186 2330 e
196 2277 377 2348 'ligrunocerte
387 2277 531 2343 distantem,
542 2277 595 2332 edit
607 2297 694 2350 regem
705 2282 732 2334 et
743 2278 862 2334 mandata
873 2281 961 2338 feroci·

134 2368 135 2427 l
168 2357 210 2408 ter
233 2352 321 2408 edidit.
356 2353 478 2426 Vologesi
500 2358 575 2409 vetus
599 2358 626 2410 ct
649 2356 753 2426 penitus
776 2356 882 2413 infixum
905 2363 984 2419 erato

134 2440 135 2443 ’
168 2447 240 2485 arma
251 2430 367 2485 Romans
374 2430 488 2496 uitandi3
505 2449 553 2486 nec
565 2433 699 2502 presentia
711 2451 830 2504 prospere
839 2435 958 2494 fluebant.

168 2507 276 2563 Irritum
294 2506 435 2573 obsidium3
453 2512 528 2563 tutus
545 2527 623 2564 manu
633 2514 661 2565 et
673 2511 752 2582 copiis
766 2511 903 2583 Tigranem
921 2515 984 2576 fue

167 2585 223 2656 goti
240 2585 286 2656 qui
302 2585 517 2656 expugnationem
534 2591 709 2658 sumpserant3
728 2587 811 2644 missae
828 2589 855 2645 in
871 2592 960 2648 Arme-

166 2664 235 2718 nium
246 2662 367 2734 legiones,
378 2664 404 2717 et
416 2661 471 2718 alise
479 2681 525 2734 pro
538 2664 611 2736 Syris
619 2669 714 2736 paratae
725 2665 793 2722 ultro
805 2666 958 2740 imimpere;

167 2740 216 2796 sibi
226 2739 382 2796 imbecillum
397 2740 509 2811 equitem
528 2741 614 2812 pabuli
624 2743 725 2814 inopie:
744 2761 802 2800 nam
815 2751 904 2800 exorta
920 2747 959 2801 vis

165 2817 323 2873 locustarum
344 2815 490 2873 ambederat
507 2818 628 2890 quicquid
645 2819 778 2876 herbidum
796 2826 841 2876 aut
857 2822 958 2878 frondo-

166 2914 232 2952 sum.
268 2895 353 2968 Igitur
365 2898 438 2951 metu
453 2895 571 2952 abstruso
586 2897 689 2952 mitiore
703 2899 851 2965 obtendens,
868 2900 982 2962 missu-5

166 2991 224 3029 rum
241 2973 275 3029 ad
291 2973 469 3047 imperatorem
485 2973 629 3030 Muranum
645 2975 744 3049 legatos
760 2995 837 3049 super
852 2978 961 3050 petendo
