2550 3500
178 432 195 470 Α
214 431 293 479 ΜΒ]
372 364 566 415 ANNALIUM
585 365 663 413 Xill.
682 365 785 412 52-56.
919 368 967 417 299

178 482 261 552 ignari
273 478 483 547 oblectabantur,)
494 478 554 533 dnm
567 496 712 535 consessum
724 496 814 544 caven,
824 477 968 535 discrimina

177 558 303 621 ordinum,
317 555 372 626 quis
385 575 469 626 eques,
482 555 527 610 ubi
542 560 646 611 senatus
662 560 867 627 percunctantur,
880 556 968 611 adver-

177 638 233 689 tere
250 632 370 704 quosdam
386 632 458 687 cultu
475 636 580 687 externo
595 633 622 687 in
636 633 738 688 sedibus
757 637 918 699 senatorum3
940 636 967 689 et

179 711 282 782 quinam
299 710 382 764 forent
400 709 548 777 rogitantes,
567 714 701 780 postquam
717 710 866 765 audiverant
881 728 967 764 samm

179 788 294 859 gentium
305 786 395 858 legatis
409 785 436 839 id
447 786 549 841 honoris
561 785 657 851 datum,
670 805 726 857 quae
738 788 833 841 virtute
846 792 872 841 et
885 786 968 841 amici-

179 866 216 918 tia
233 864 350 918 Romana
366 862 545 933 precederent,
564 863 647 917 nultos
664 863 808 918 mortalium
826 864 902 918 armis
923 868 968 917 aut

178 941 229 995 fide
241 945 300 995 ante
313 940 451 994 Germanos
463 957 519 994 esse
531 940 679 1005 exclamant,
699 940 929 1011 degrediunturque
941 944 968 994 et

178 1019 247 1073 inter
270 1020 355 1087 patres
378 1014 520 1071 considunt.
568 1017 646 1075 Quod
669 1018 773 1071 comiter
794 1036 809 1071 a
828 1017 992 1072 visentibusd

179 1098 323 1165 exceptum,
343 1093 415 1163 quasi
431 1093 541 1163 impetus
560 1094 658 1164 antiqui
675 1098 702 1148 et
719 1093 785 1148 bona
802 1095 968 1149 aemulatione.

180 1172 253 1226 Nero
265 1170 368 1225 civitate
379 1170 495 1225 Romana
511 1170 597 1225 ambos
614 1170 725 1236 donavit,
743 1171 838 1226 Frisios
850 1171 970 1226 decedere

180 1248 249 1319 agris
259 1248 344 1318 jussit.
381 1249 467 1318 Atque
479 1247 528 1302 iilis
542 1247 734 1319 aspernantibus
750 1248 877 1302 auxiliaris
892 1261 993 1319 eques?

180 1329 286 1397 repente
302 1324 429 1379 immissus
447 1325 625 1380 necessitatem
644 1325 739 1391 attulit,
765 1327 845 1395 captis
868 1326 970 1381 eaesmve

181 1404 227 1474 qui
239 1402 393 1473 pervicacius
405 1402 560 1457 restiterant.

216 1478 327 1535 Eosdem
344 1496 418 1550 agros
436 1478 588 1549 Ampsivarii
605 1496 767 1549 occupavere,
786 1478 891 1531 validior
908 1497 970 1549 gens
980 1486 1017 1539 55

181 1574 233 1611 nou
245 1555 320 1611 modo
332 1574 379 1610 sua
395 1555 473 1626 copia,
493 1554 539 1610 sed
554 1555 722 1626 adjacentium
732 1554 885 1626 populorum
898 1556 972 1609 mise·

135 1634 136 1643 ’
182 1634 287 1699 ratione,
301 1634 361 1705 quia
371 1632 439 1704 puisi
451 1650 465 1685 a
478 1632 586 1687 Chaucis
599 1638 625 1687 et
644 1633 712 1687 sedis
723 1633 811 1702 inopes
823 1637 909 1686 tutum
921 1632 972 1687 exi·

183 1708 245 1765 lium
256 1710 368 1767 orabant.
405 1709 551 1782 Aderatque
563 1710 595 1765 iis
607 1710 689 1765 clarus
704 1728 750 1782 per
766 1708 822 1764 illas
839 1713 929 1780 gentes
945 1712 996 1767 et2

183 1788 256 1842 nobis
269 1806 368 1860 quoque
385 1787 460 1853 fidus,
477 1787 578 1842 nornine
597 1787 748 1853 Boiocalus;
766 1787 879 1842 vinctum
892 1806 920 1842 sc
934 1806 973 1842 re-

183 1865 290 1920 bellione
303 1866 431 1920 Cherusca
441 1865 515 1935 jussu
531 1865 642 1920 Arminii
659 1866 779 1930 reterens,
792 1883 851 1919 mox
863 1864 971 1930 (liberio,

185 1942 334 1997 Germanico
346 1942 452 1998 ducibus
465 1941 591 2013 stipendia
607 1943 736 2007 memisse,
750 1946 777 1998 et
789 1942 973 2013 quinquaginta

185 2036 306 2072 annorum
324 2020 443 2090 obsequio
461 2019 488 2074 id
505 2038 605 2091 quoque
623 2020 768 2091 adjungere,
787 2019 854 2090 quod
871 2026 973 2090 gentem

185 2113 257 2150 suam
269 2094 358 2150 ditioni
369 2101 463 2151 nostrae
475 2096 620 2168 subjiceret.
658 2099 767 2162 Quotam
781 2101 879 2166 partem
892 2096 997 2166 eampis

182 2172 273 2242 jacere,
292 2171 320 2225 in
336 2191 412 2242 quam
428 2191 519 2244 pecora
536 2177 563 2228 et
581 2178 696 2228 armenta
712 2173 822 2228 militum
840 2172 973 2242 aliqnando

185 2249 439 2305 transmitterentur?
470 2251 605 2305 Servarent
629 2269 691 2305 sane
712 2254 829 2319 receptos
853 2249 998 2320 gregibnst

183 2328 251 2384 inter
262 2327 392 2381 hominum
404 2327 512 2381 famam:
531 2327 606 2381 modo
618 2345 650 2381 ne
662 2327 809 2381 vastitatem
820 2332 848 2380 ct
859 2327 973 2381 solitudi-

182 2425 241 2463 nem
252 2403 357 2460 meilent
369 2421 444 2474 quam
456 2404 548 2459 amicos
565 2403 679 2475 populos.
699 2404 882 2458 Chamavorum
895 2423 998 2474 quon-5

184 2485 242 2539 dam
259 2501 290 2537 ea
306 2498 373 2547 arva,
391 2499 451 2534 mox
462 2481 607 2536 Tubantum
619 2485 646 2535 et
658 2484 716 2552 post
728 2480 877 2551 Usipiorum
888 2481 974 2537 fuisse.

185 2560 267 2616 Sicuti
284 2557 374 2614 coelnm
391 2557 452 2623 deis,
471 2559 509 2612 ita
525 2562 607 2613 terras
623 2558 711 2630 generi
725 2558 869 2612 mortalium
887 2558 974 2625 detas3

185 2657 291 2711 quaque
302 2655 397 2705 vacua,
410 2655 452 2691 eas
468 2637 581 2708 pubhcas
593 2656 657 2692 esse.
693 2637 776 2692 Solem
788 2637 878 2692 deinde
894 2639 999 2708 saepi-6

134 2727 136 2798 p
186 2717 254 2771 ciens
266 2718 293 2769 et
305 2718 390 2770 cetera
402 2713 485 2768 sidera
496 2733 597 2781 vocans,
610 2715 683 2786 quasi
694 2732 777 2769 coram
795 2715 974 2785 interrogabat,

187 2793 311 2847 vellentne
329 2791 444 2847 contueri
458 2791 532 2847 inane
548 2792 647 2847 solum:
665 2792 751 2863 potius
763 2811 833 2846 mare
845 2791 976 2861 superfun-

188 2869 275 2924 derent
287 2869 408 2924 adversus
420 2872 544 2924 terrarum
560 2873 697 2940 ereptores.
732 2869 769 2924 Et
780 2872 920 2923 commotus
936 2867 976 2921 his
985 2873 1023 2928 56

188 2947 287 3013 Avitus,
300 2945 426 3004 Patiende
437 2945 568 3004 mehorum
580 2947 701 3018 imperia:
719 2945 746 3001 id
758 2945 797 3001 dis
814 2962 877 3016 qnos
889 2943 976 3016 implo-

134 2391 136 2434 t
