2550 3500
186 454 204 491 Δ
224 452 244 491 D
262 453 305 502 aa]
399 393 596 442 ANNALIUM
614 395 658 442 Vl.
677 396 779 442 20-23.
934 395 980 441 tot

225 502 276 557 Sed
297 502 359 556 mihi
375 503 429 559 baec
447 524 476 560 uc
490 506 552 559 talia
568 506 681 561 audienti
697 504 725 559 in
742 505 840 560 incerto
855 504 978 577 judicium
989 504 1027 557 22

186 584 236 645 est,
262 580 349 634 fatone
372 599 413 635 res
437 582 582 637 mortalium
602 588 629 639 et
652 582 805 637 necessitate
828 581 980 636 immutabili

186 674 222 709 an
245 656 313 711 forte
337 657 477 713 volvantur.
514 660 617 731 Quippe
636 660 835 731 sapientissimos
855 664 1004 723 veterumz

186 733 283 804 quique
296 738 390 788 sectam
403 753 490 789 eorum
506 738 664 802 seminantur,
684 737 797 791 diversos
814 736 931 807 reperies,
949 754 979 791 ac

130 809 136 891 s
185 811 275 865 multis
287 812 390 865 insitam
405 813 547 883 opinionem
564 833 617 869 non
632 815 706 869 initia
721 814 810 882 nostri,
825 832 877 868 non
894 814 977 879 finem,

130 892 131 899 ’
185 906 239 943 non
251 888 359 960 denique
371 890 485 945 homines
498 892 539 946 dis
555 911 638 960 cmae;
657 893 715 947 ideo
730 892 880 947 creberrime
893 893 979 946 tristia

185 965 215 1020 in
225 966 315 1031 bonos,
328 966 387 1021 laeta
399 968 466 1038 apud
478 968 615 1024 deteriores
628 989 691 1025 esse.
729 969 826 1023 Contra
836 969 878 1024 alii
896 968 1001 1025 fatum3

186 1042 289 1113 quidem
302 1062 441 1115 congruere
453 1044 529 1100 rebus
541 1051 641 1117 putant,
654 1046 761 1101 sednon
773 1065 787 1101 e
802 1046 873 1117 vagis
890 1046 977 1114 stellis,

184 1138 275 1175 verum
293 1119 362 1191 apud
379 1121 501 1192 principia
517 1127 543 1177 et
559 1142 642 1177 nexus
658 1123 811 1177 naturalium
827 1142 976 1189 causarum3

184 1214 216 1250 ac
233 1202 321 1251 tamen
339 1196 486 1252 electionem
504 1200 565 1253 vitae
581 1200 654 1254 nobis
670 1200 825 1270 relinquunt,
843 1219 919 1270 quarn
932 1200 977 1255 ubi

184 1273 302 1345 elegeris,
323 1280 425 1329 certum¹
441 1276 627 1332 imminentium
646 1277 767 1332 ordinem.
803 1278 895 1347 Neque
911 1278 1001 1333 malet

184 1351 227 1405 vel
239 1350 307 1405 bona
323 1370 379 1422 quae
395 1352 487 1423 vulgus
503 1359 593 1424 putet:
612 1354 706 1408 multos
723 1354 767 1424 qui
783 1355 921 1409 conflictari
935 1355 976 1408 ad·

183 1428 268 1481 versis
279 1427 422 1496 videantur,
434 1429 530 1497 beatos,
543 1436 569 1484 at
582 1431 715 1501 plerosque
722 1450 863 1502 quanquam
872 1450 976 1502 magnas
1006 1445 1010 1453 “

183 1522 232 1575 per
243 1522 305 1574 opes
318 1506 479 1574 miserrimos,
492 1507 515 1561 si
525 1507 561 1561 illi
574 1527 678 1579 gravem
690 1508 818 1562 fortunam
831 1513 977 1563 constanter

184 1582 305 1647 tolerent,
329 1582 356 1637 hi
379 1601 501 1654 prospera
524 1584 667 1639 inconsulte
690 1590 804 1639 utantur.
856 1585 999 1641 Ceterum5

184 1658 301 1729 plurimis
313 1660 456 1715 mortalium
469 1679 521 1715 non
536 1662 663 1727 eximitur,
677 1663 739 1733 quin
754 1662 835 1733 primo
853 1663 976 1734 cujusque

184 1740 245 1790 ortu
266 1740 373 1792 ventura
392 1736 569 1804 destinentur;
588 1739 633 1794 sed
659 1739 773 1811 quaedum
796 1759 877 1806 secus,
900 1760 975 1812 quam

184 1813 255 1867 dicta
275 1815 334 1879 sint,
356 1815 453 1882 cadere,
471 1816 575 1871 fallaciis
591 1817 681 1888 ignara
695 1817 848 1872 dicentium:
866 1818 904 1872 ita
921 1837 976 1873 cor-

183 1891 270 1961 rumpi
290 1891 365 1946 fidem
386 1893 456 1959 artis,
473 1894 545 1964 cujus
567 1893 634 1948 clara
655 1894 807 1949 documenta
824 1901 851 1949 et
871 1895 976 1966 antiqua

183 1973 248 2021 aetas
261 1973 287 2022 et
299 1973 387 2023 nostra
398 1969 494 2024 tulerit.
532 1971 634 2042 Quippe
646 1971 721 2026 atilio
730 1971 843 2043 ejusdem
853 1972 999 2044 Thrasyllifi

184 2044 337 2115 predictum
350 2046 461 2100 Neronis
473 2047 605 2118 imperium
617 2049 770 2120 intempore
787 2048 975 2115 memorabitur,

183 2141 218 2177 ne
230 2141 300 2177 nunc
312 2123 412 2194 incepto
424 2124 524 2196 longius
537 2125 648 2180 abierim.

220 2199 307 2254 Isdem
320 2201 466 2257 oonsulibus
487 2203 570 2258 Asinii
588 2204 655 2258 Galli
671 2222 740 2258 mors
755 2203 883 2276 vulgatur,
901 2223 974 2276 quem
984 2207 1021 2264 23

131 2321 132 2346 ,
182 2281 302 2350 egestate
325 2279 375 2336 cibi
398 2286 556 2352 peremptum
581 2281 651 2337 haud
674 2282 796 2349 dubium3
822 2287 913 2353 sponte
936 2285 976 2338 vel

181 2357 344 2422 necessitate,
357 2358 481 2412 incertum
499 2358 648 2414 hebebatur.
685 2359 874 2428 consultusque
891 2360 998 2415 Cesar2

181 2451 216 2488 an
238 2433 339 2505 sepeliri
361 2435 462 2500 sineret,
483 2454 535 2490 uon
553 2435 656 2492 erubuit
679 2437 835 2508 permittere,
855 2437 976 2507 ultroque

180 2511 300 2566 incusare
312 2529 386 2566 casus
399 2512 443 2584 qui
459 2531 531 2567 reum
548 2513 722 2579 abstulissent,
740 2518 875 2585 antequam
892 2533 976 2570 coram

181 2589 384 2644 convinceretur.
422 2589 523 2645 Scilicet
535 2590 619 2645 medio
630 2591 741 2646 triennio
750 2590 865 2646 defirerat
874 2597 999 2663 tempusa

181 2665 309 2722 subeundi
326 2665 450 2736 judicium
466 2667 593 2722 consulari
609 2668 672 2734 seni,
689 2674 730 2724 tot
749 2669 918 2724 consularium
932 2689 975 2739 pa-

180 2743 257 2798 renti.
295 2743 397 2798 Drusus
414 2742 504 2799 deinde
520 2745 689 2816 extinguitur,
707 2764 765 2801 cum
780 2765 808 2801 se
827 2746 998 2802 miserandus

181 2819 318 2885 alimentis,
331 2819 473 2874 mandendo
485 2839 500 2875 e
512 2821 589 2876 cubili
605 2827 728 2889 tomento,
746 2842 841 2878 nonum
859 2822 891 2877 ad
909 2821 976 2876 diem

182 2897 344 2952 detinuisset.
397 2896 535 2954 'liadidere
565 2899 668 2970 quidam
691 2901 867 2972 praescriptum
895 2899 996 2958 fuisse5

181 2974 310 3041 Macroni,
332 2974 355 3030 si
375 2992 446 3030 arma
466 2975 499 3031 ab
524 2977 614 3049 Sejauo
638 2982 807 3043 tentarentur,
831 2980 975 3032 extractum
