2550 3500
198 448 219 484 A
236 445 256 484 n
273 443 315 492 m]
413 377 609 428 ANNALIUM
628 379 665 428 11.
684 378 784 429 11-14.
961 382 992 428 δῦ

198 496 265 550 tiam
277 496 305 548 iu
316 492 369 548 acic
380 492 529 557 faterentur,
542 491 617 546 simul
629 492 738 562 perfidos
749 496 776 548 et
791 495 909 564 ruptores
925 492 994 562 pacis

198 573 296 628 ultioni
308 575 335 626 et
347 569 433 642 glorie
444 570 598 625 mactandos.
634 571 776 642 Interque
791 590 858 624 unus
873 569 1021 634 hostium,2

198 649 306 706 Latinae
317 649 410 720 linguae
422 647 511 712 sciens,
525 651 582 702 acto
594 647 626 702 ad
637 648 731 703 vallum
743 667 815 720 equo,
828 666 890 703 voce
904 664 997 716 magna

199 728 325 799 conjuges
337 730 364 780 et
376 743 450 796 agros
463 729 489 779 et
504 725 624 796 stipendii
638 727 667 781 iu
682 727 743 792 dice,
756 726 836 781 donec
852 725 995 788 bellaretur,

200 805 335 862 sestertios
345 807 473 868 centenos,
486 803 508 858 si
520 803 576 874 quis
584 805 772 877 transfugisset,
782 801 998 858 Arminiiuomiue

200 883 347 956 pellicetus.
406 879 524 935 Incendit
553 899 583 936 ca
608 882 763 937 contumelia
780 881 909 954 legionum
931 879 1023 935 iraszs

201 959 305 1017 veniret
326 957 389 1023 dies,
403 956 506 1012 daretur
519 977 620 1031 pugua3
639 964 801 1032 sumpturum
815 959 922 1014 militem
938 958 999 1012 Ger·

202 1055 339 1094 manorum
351 1053 433 1106 agros,
445 1038 588 1092 tracturum
600 1038 735 1110 conjuges3
754 1038 867 1109 accipere
878 1054 959 1100 omen,
973 1037 1000 1090 et
1031 1058 1034 1064 ¹

204 1113 370 1171 matrimonia
381 1130 411 1167 ac
419 1113 538 1183 pecunias
550 1113 662 1170 hostium
673 1115 764 1187 praedae
776 1115 911 1170 destinare.
941 1113 1025 1168 Ter-4

204 1194 244 1248 tia
253 1191 334 1246 ferme
343 1189 431 1261 vigilia
439 1189 594 1246 adsultatum
603 1195 644 1246 cst
651 1193 748 1258 castris,
757 1192 811 1247 sine
820 1192 937 1264 conjectu
947 1188 1000 1255 teli,

205 1273 345 1344 postquam
362 1267 463 1324 crebras
480 1287 526 1339 pro
543 1269 706 1325 munimentis
718 1271 835 1326 cohortes
847 1274 873 1324 et
889 1267 952 1323 nihil
964 1286 1003 1322 re-

206 1347 316 1404 missum
328 1363 436 1400 sensere.
467 1345 529 1400 Nox
540 1345 627 1401 eadem
638 1347 722 1402 letam
732 1347 880 1402 Germanico
892 1346 1004 1417 quietem
1015 1349 1049 1404 14

207 1425 272 1480 tulit
279 1445 287 1490 ;
305 1422 418 1493 viditque
431 1427 609 1493 cooperatum,
622 1428 657 1491 ct,
671 1424 795 1496 sanguine
806 1442 877 1479 sacro
889 1440 1005 1494 respersa
1051 1445 1057 1454 ·

208 1504 343 1574 praetexta,
356 1499 524 1572 pulchriorem
537 1501 610 1556 aliam
626 1501 742 1556 manibus
754 1501 816 1557 avie
827 1503 953 1572 Auguste
964 1518 1006 1554 ao-

209 1578 317 1650 ccpisee.
335 1579 436 1634 Auctus
445 1577 536 1644 omine,
547 1577 721 1635 addicentibus
730 1578 856 1651 auspiciis,
865 1581 939 1633 vocat
948 1595 1005 1632 ecn-
1014 1592 1041 1638 2·

209 1657 317 1722 cionem,
325 1659 351 1710 et
361 1673 417 1726 quae
427 1655 551 1726 sapientia
561 1657 670 1728 praevisa
678 1661 787 1733 aptaque
793 1655 936 1711 imminenti
944 1673 1007 1726 pug-

209 1754 259 1800 nae,
268 1732 378 1797 disserit
413 1731 475 1787 Nou
486 1750 587 1805 campos
599 1733 675 1790 modo
686 1734 761 1791 militi
773 1735 888 1790 Romano
898 1731 930 1788 ad
941 1749 1031 1805 prce-3

210 1813 275 1869 lium
286 1811 374 1877 bonos,
382 1810 430 1865 ¹scd
442 1810 465 1865 si
475 1810 541 1866 ratio
553 1811 626 1878 adsit,
637 1813 713 1869 silves
724 1816 751 1868 et
763 1813 859 1868 saltus:
879 1830 927 1867 nec
939 1811 1004 1865 enim

210 1891 336 1946 immensa
348 1888 511 1944 barbarorum
523 1893 602 1955 scuta,
616 1908 731 1945 enormes
746 1890 840 1956 hastas,
853 1889 921 1945 inter
935 1892 1008 1943 trun-

212 1987 258 2025 cos
282 1967 400 2023 arborum
422 1970 449 2021 ct
470 1970 546 2022 enata
564 1968 643 2023 humo
662 1969 775 2041 virgulta
793 1968 898 2041 perinde
920 1966 1009 2022 haberi

212 2064 290 2117 quam
300 2045 352 2117 pila
360 2048 386 2099 et
396 2040 492 2117 gladios
504 2048 531 2099 et
540 2044 663 2101 harentia
673 2046 772 2117 corpori
783 2045 904 2117 tegmina.
940 2045 1008 2099 Den-
1016 2057 1043 2104 4<

213 2126 302 2180 serent
319 2122 394 2187 ictus,
414 2139 459 2176 ora
475 2122 638 2177 mucronibus
657 2126 813 2196 quererent:
837 2140 890 2177 uon
906 2121 1009 2176 loricam

214 2202 351 2266 Germano,
364 2217 416 2253 non
432 2198 529 2271 galeam
537 2222 544 2266 ;
563 2218 596 2255 ne
612 2204 692 2273 scuta„
701 2200 803 2272 quidem
817 2200 886 2255 ferro
901 2216 1011 2255 nervove

213 2280 324 2344 firmata,
335 2276 381 2333 sed
391 2276 514 2333 viminum
525 2280 613 2333 textus
625 2279 666 2333 vel
677 2284 767 2333 tenues
779 2281 806 2333 et
817 2278 916 2333 fucatae
928 2276 1012 2331 colore

213 2355 337 2421 tabulam
363 2354 470 2426 primam
493 2358 635 2429 utcumque
659 2356 738 2411 aciem
761 2356 896 2421 hastatam,
920 2354 1012 2410 ceteris

213 2436 331 2507 praeusta
346 2436 390 2487 aut
407 2432 495 2488 brevia
508 2432 567 2488 telo.
603 2434 662 2487 iam
678 2452 778 2505 corpus,
790 2437 821 2487 ut
837 2432 895 2488 viso
909 2436 1037 2498 torvum5
1063 2501 1069 2509 0

214 2516 245 2569 et
269 2510 302 2565 ad
322 2510 424 2566 brevem
444 2511 568 2583 impetum
587 2510 708 2577 validum,
730 2511 767 2567 sic
787 2510 857 2566 nulla
879 2510 1015 2567 vulnerum
1061 2535 1067 2547 ⁴

214 2587 358 2662 patientia:
378 2588 433 2643 siue
448 2587 544 2659 pudore
565 2588 663 2660 flagitii,
676 2589 731 2643 sine
750 2607 812 2644 cura
826 2588 919 2644 ducum
936 2588 1013 2655 abire,

216 2668 324 2739 fugere;
342 2664 447 2736 pavidos
459 2664 578 2731 adversis,
591 2666 660 2721 iuter
671 2666 781 2721 secunda
797 2685 850 2721 non
864 2665 951 2731 divini,
964 2684 1016 2721 non

216 2742 325 2803 humaui
332 2742 400 2813 juu's
411 2758 542 2798 memores.
575 2742 603 2797 Si
613 2742 691 2799 taedio
701 2743 799 2799 viarum
812 2762 842 2799 ac
852 2743 929 2798 maris
941 2743 1041 2807 finemu

218 2820 342 2953 ost
353 2818 751 2967 harderenssen
1046 2847 1051 2855 ·

221 2994 273 3044 que
284 2974 394 3047 vestigia
404 2978 570 3047 prementem,
581 2974 662 3031 isdem
676 2975 704 3030 in
718 2973 795 3029 terris
810 2974 933 3029 victorem
944 2974 1021 3031 siste·
