2550 3500
201 429 227 468 Α
237 429 256 468 D
272 429 314 478 m
400 365 596 416 ANNALIUM
614 367 650 417 11.
667 368 770 416 63-66,
956 371 988 420 88

201 483 351 533 ermetauter
374 478 421 534 sub
445 480 572 551 Augusto,
597 498 674 551 quem
703 483 832 534 auctorem
854 479 988 551 utriusque

199 555 279 627 regui,
298 557 321 611 si
336 561 504 627 sperneretur,
520 557 646 612 vindicem
661 556 799 612 metuebat.
843 556 1013 623 Enimvero,6

199 632 288 687 audita
302 633 443 687 mutatione
457 633 585 704 principis,
602 634 740 688 immittere
751 633 877 687 hunnum
889 632 985 704 globos,

198 709 345 765 exscindere
358 710 467 776 castella,
482 729 570 766 causas
582 710 655 766 bello.
690 710 763 766 Nihil
777 728 848 780 eque
859 710 987 766 Tiberium
995 717 1033 772 65

197 787 301 842 anxium
309 787 417 843 habebat
430 807 505 859 quum
516 807 549 842 ne
562 787 702 859 composita
709 787 882 842 turbarentur.
918 788 988 843 Deb-

197 865 237 936 git
253 865 426 922 centurionem
439 865 483 937 qui
494 865 623 920 nuntiaret
635 865 738 936 regibus
754 883 787 919 ne
802 865 878 919 armis
892 864 988 937 disoep·

196 946 298 1009 tarent;
317 943 455 1013 statimque
471 961 486 996 a
498 941 579 1014 Cotye
592 941 696 997 dimissa
707 944 767 997 sunt
785 961 841 1012 qum
855 947 987 1014 paraverat

197 1019 298 1074 auxilia.
334 1019 507 1090 Rhescuporis
527 1019 588 1074 ficta
603 1019 729 1074 modestia
743 1019 863 1090 postulat,
879 1019 1013 1080 eundem2

196 1095 224 1150 in
247 1095 332 1152 locum
355 1097 480 1152 coiretur:
507 1115 581 1168 posse
605 1096 637 1151 de
662 1096 839 1152 controversiis
863 1097 987 1168 colloquio

196 1173 312 1244 transigi.
349 1173 404 1228 Nec
424 1173 469 1228 diu
487 1173 633 1230 dubitatunn
653 1173 685 1228 de
704 1177 825 1244 tempore,
844 1173 908 1242 loco,
928 1174 1011 1234 deins

197 1250 392 1316 conditionibus,
410 1269 468 1306 cum
484 1251 548 1306 alter
566 1251 696 1317 facilitate,
709 1251 774 1305 alter
785 1251 881 1317 fraude,
894 1256 987 1307 cuncta

196 1329 265 1384 iuter
279 1347 307 1384 se
323 1329 488 1384 concederent
505 1329 705 1400 acciperentque.
740 1328 912 1399 Rhescuporis
931 1339 1011 1386 san-4

197 1405 294 1471 ciendo,
307 1409 337 1460 ut
349 1406 489 1476 dictitabat,
498 1405 587 1461 foederi
596 1405 739 1460 convivium
751 1404 844 1476 adjicit,
854 1409 986 1476 tractaque

196 1483 224 1538 in
240 1483 348 1538 multam
368 1487 470 1538 noctem
490 1483 579 1538 laetitia
598 1501 644 1554 per
665 1482 751 1553 epulas
772 1500 802 1537 ac
823 1483 986 1538 vinolentiam

195 1561 328 1616 incautum
340 1561 424 1633 Cotyn
436 1565 470 1626 et,
482 1565 617 1631 postquam
629 1558 715 1614 dolum
726 1559 895 1625 intellexerat,
915 1579 986 1615 sacra

195 1637 277 1710 regni,
291 1638 410 1710 ejusdem
430 1637 531 1692 familia
552 1637 611 1692 deos
631 1642 658 1692 et
676 1636 809 1707 hospitalis
827 1655 926 1692 mensas
942 1637 986 1692 ob-

194 1719 342 1783 testantem,
364 1715 460 1771 catenis
483 1718 579 1771 onerat.
615 1714 772 1786 Thraciaque
795 1713 864 1770 omni
886 1715 1009 1786 potitust

195 1794 299 1865 scripsit
311 1792 343 1847 ad
360 1794 489 1849 liberium
506 1796 616 1848 structas
635 1792 684 1847 sibi
699 1792 810 1858 insidias,
827 1798 985 1864 praeventum

193 1870 385 1937 insidiatorem
404 1870 479 1926 simul
486 1870 579 1926 bellum
587 1870 707 1925 adversus
718 1870 855 1925 Basternas
868 1871 986 1942 Scythas·

195 1967 246 2019 que
258 1948 424 2019 praetendens,
443 1948 515 2003 novis
526 1947 641 2019 peditum
658 1951 685 2001 et
702 1948 818 2018 equitum
832 1948 911 2019 copiis
929 1967 985 2003 sese

193 2025 320 2081 firmabat.
356 2024 471 2080 Molliter
486 2025 646 2095 rescriptum,
664 2024 688 2079 si
700 2024 771 2079 fraus
785 2024 892 2090 abesset,
909 2034 1007 2095 posset

193 2121 255 2157 eum
266 2102 416 2158 innocentiae
427 2102 520 2169 fidere3
533 2106 645 2157 ceterum
653 2121 736 2173 neque
743 2120 859 2174 seneque
868 2106 984 2158 senatum

193 2178 246 2235 nisi
263 2180 365 2251 cognita
376 2198 452 2235 causa
467 2180 509 2251 jus
525 2184 551 2233 et
563 2179 680 2250 injuriam
692 2179 861 2235 discreturus:
878 2178 985 2250 pminde

191 2256 291 2311 tradito
304 2256 384 2328 Cotye
401 2256 499 2311 renuet
515 2256 716 2328 transferretque
727 2256 846 2311 invidiam
864 2256 983 2312 criminis.

191 2334 247 2391 Eas
259 2333 357 2389 litteras
368 2334 486 2389 Latinius
498 2332 609 2400 Pandus,
622 2352 669 2405 pro
681 2338 788 2405 pretore
802 2334 908 2400 Moesiae,
926 2353 983 2389 cum
993 2333 1031 2389 66

190 2410 318 2467 militibus
342 2411 398 2483 quis
422 2412 501 2484 Cotys
525 2410 678 2477 traderetur,
701 2411 729 2466 in
752 2410 884 2466 Thraciam
906 2412 984 2467 misit.

189 2487 367 2559 Rhescuporis
387 2488 455 2543 inter
477 2493 574 2543 metum
598 2492 624 2543 et
648 2489 712 2543 iram
730 2492 873 2555 cunctatim,
894 2489 1006 2544 maluit2

162 2590 169 2597 ·
189 2565 289 2637 patrati
305 2582 380 2635 quam
395 2565 490 2637 incepti
505 2566 623 2621 facinoris
635 2584 694 2620 reus
711 2584 782 2621 csse:
801 2566 882 2621 occidi
899 2566 984 2638 Cotyn

186 2641 272 2715 jubet,
297 2646 455 2713 mortemque
479 2647 569 2714 sponte
594 2647 722 2714 sumptam
745 2644 890 2699 ementitur.
926 2644 1008 2699 Nect

190 2723 279 2775 tamen
291 2719 377 2775 Cesar
388 2720 492 2789 placitas
505 2720 582 2776 semel
596 2724 665 2775 artes
677 2722 793 2787 mutavit,
807 2721 852 2776 sed
863 2720 984 2776 defuncto

190 2796 288 2863 Pande,
299 2815 375 2868 quem
387 2796 436 2852 sibi
444 2797 570 2853 infensum
582 2798 754 2870 Rhescuporis
767 2798 898 2869 arguebat,
909 2798 984 2851 Pom-

191 2873 297 2944 ponium
308 2874 434 2940 Flaccum,
447 2878 559 2929 veterem
577 2875 709 2946 stipendiis
723 2880 750 2931 et
762 2881 833 2931 arcta
848 2893 905 2929 cum
923 2891 984 2943 rege

192 2950 311 3021 amicitia,
328 2970 409 3025 eoque
426 2952 678 3009 accommodatiorem
694 2953 727 3009 ad
743 2952 889 3021 fallendum,
906 2949 939 3005 ob
957 2948 984 3004 id
