2550 3500
184 427 203 465 Δ
220 427 241 465 D
255 426 315 475 W
381 361 577 411 ANNALIUM
594 359 669 408 XIV.
685 360 789 408 60—63.
923 361 970 409 335

184 477 314 530 Caesarum
337 473 429 530 datura
446 474 499 529 sit?
517 472 590 528 malle
607 472 729 545 populum
752 470 896 526 Romanurn
913 470 970 527 tubi·

184 554 247 608 ciuis
259 552 376 624 AEgyptii
388 551 501 606 subolem
512 550 674 622 imperatorio
685 549 788 620 fastigio
799 546 899 603 induci!
919 549 994 603 Deo

183 630 267 701 nique,
281 631 304 684 si
314 629 341 685 id
352 630 428 684 rebus
440 628 571 693 conducat,
584 628 665 683 libens
677 646 753 699 quam
764 630 866 682 coactus
879 626 971 682 scebet

184 709 318 774 dominam,
338 708 379 763 vel
396 707 539 763 consuleret
557 707 688 762 securitati
702 707 774 778 justa
796 706 900 761 ultione.
936 706 995 769 Etr

184 786 289 841 modicis
306 785 424 841 remediis
441 785 537 854 primos
556 788 642 839 motus
663 784 821 839 consedisse:
844 786 871 838 at
889 782 912 837 si
929 782 973 837 de·

185 868 289 935 sperent
305 880 411 917 uxorem
428 861 539 917 Neronis
560 862 614 916 fore
632 862 771 927 Octaviam,
795 861 832 917 ιιιι
854 860 974 915 maritum

185 940 297 995 daturos.
333 939 428 994 Varius
446 957 536 1004 sermo,
555 942 582 993 et
600 938 632 993 ad
649 942 745 993 metum
761 942 837 1010 atque
854 938 918 993 iram
935 955 973 991 ac-
983 936 1020 991 62

185 1016 367 1080 commodatus,
380 1016 474 1070 terruit
488 1016 563 1070 simul
572 1015 716 1070 audientem
728 1018 753 1070 et
766 1015 888 1071 accendit.
925 1012 976 1069 Sed

185 1114 276 1165 pamm
286 1093 386 1149 valebat
398 1094 508 1165 suspicio
523 1093 551 1147 in
568 1111 649 1158 servo,
666 1096 693 1147 et
706 1094 885 1163 quaestiouibus
901 1092 976 1147 ancil-

186 1172 269 1228 larum
293 1171 363 1225 elusa
383 1175 446 1226 erat.
482 1171 553 1241 Ergo
571 1170 755 1226 confessionem
772 1170 877 1241 alicujus
898 1169 1000 1242 querit

186 1250 278 1321 placet,
291 1249 333 1303 eui
343 1267 429 1303 rerum
441 1266 542 1319 quoque
556 1266 680 1303 novarum
697 1246 791 1301 crimen
807 1248 976 1319 effingeretur.

187 1327 223 1382 Ilt
234 1326 305 1380 visus
316 1325 422 1381 idoneus
430 1330 551 1381 maternae
559 1326 629 1379 necis
641 1328 756 1396 patrator
764 1324 895 1390 Anicetus,
904 1323 1002 1379 elessi³

188 1402 256 1473 apud
273 1402 410 1468 Misenum,
426 1406 457 1458 ut
472 1403 616 1470 memoravi,
627 1401 778 1473 praefectum
796 1401 846 1457 levi
861 1405 919 1471 post
935 1402 979 1463 ad-

188 1480 296 1535 missum
308 1480 391 1535 scelus
403 1481 493 1552 gratia,
506 1480 565 1535 dein
580 1480 696 1551 graviore
708 1478 772 1544 odio,
786 1478 846 1549 quia
857 1478 980 1532 malorum

189 1557 329 1612 facinorum
337 1556 447 1611 ministri
456 1557 529 1627 qnasi
538 1556 718 1627 exprobrantes
728 1555 892 1627 aspiciuntur.
927 1554 1014 1625 Igu-o

189 1638 233 1689 tur
245 1632 354 1691 accitum
366 1653 425 1689 eum
437 1634 522 1689 Caesar
537 1652 620 1705 opera
637 1632 728 1704 prioris
745 1632 879 1687 admonet:
898 1631 980 1687 solum

189 1713 359 1769 incolumitati
370 1712 491 1785 principis
500 1710 621 1768 adversus
632 1710 793 1766 insidiantem
805 1712 910 1764 matrem
923 1708 980 1766 sub·

189 1791 406 1858 venisse310cum
426 1789 495 1845 baud
512 1789 615 1844 minoris
633 1789 722 1861 gratiae
740 1788 842 1854 instare,
855 1787 878 1843 si
895 1787 981 1860 couju-

191 1887 249 1938 gem
260 1869 385 1923 iufensam
398 1867 543 1939 depelleret.
567 1867 624 1922 Nea
634 1886 713 1922 manu
724 1869 769 1922 aut
780 1863 832 1920 telo
845 1883 925 1937 opus:
944 1860 1004 1920 fa·5

191 1948 289 1998 teratur
303 1946 416 2000 Octavia
432 1945 592 2000 adulterium.
629 1945 737 2000 Occulta
709 1943 855 2015 tquidem
871 1942 903 1997 ad
918 1961 982 2014 prae-

192 2039 251 2076 seus
267 2021 311 2076 sed
327 2023 455 2094 magnaei
469 2023 610 2094 praemiaet
626 2041 741 2078 secessus
757 2037 867 2076 amoeuos
879 2019 983 2091 promit-

190 2099 233 2165 tit,
213 2098 327 2164 t‚'vel
307 2117 329 2153 ιι
339 2100 491 2169 negavisset,
499 2118 586 2155 necem
597 2099 715 2154 intentat.
695 2099 818 2154 t'llle
811 2098 871 2152 rusit
873 2116 887 2151 a
898 2115 984 2152 vecor-
974 2100 1006 2147 -6

191 2178 241 2268 dia,
254 2180 281 2231 et
293 2176 400 2231 iaailitat
361 2181 416 2232 tate
432 2181 546 2248 priorum
557 2177 719 2248 flagitiorum
732 2175 806 2247 plura
821 2179 847 2229 et
848 2175 898 2229 iarn
910 2191 986 2245 quarn

188 2257 292 2329 jussum
308 2258 363 2308 erat
378 2254 452 2325 fingit
468 2253 533 2309 itate
533 2271 615 2324 urque
631 2251 700 2323 apud
716 2252 817 2316 amicos,
836 2269 899 2322 quos
915 2251 985 2306 velut

132 2374 133 2431 l
191 2331 298 2390 consilio
309 2330 459 2386 adhibuerat
472 2331 598 2402 princeps.
633 2330 721 2384 Tum
713 2348 742 2383 ιι
758 2328 899 2383 Sardiniam
915 2329 985 2400 pelli

191 2420 244 2476 ιιι,
191 2407 303 2467 tubi
316 2425 369 2462 uon
385 2408 459 2479 ineps
476 2408 581 2463 exilium
595 2406 715 2461 toleravit
730 2409 757 2460 et
772 2405 826 2460 fato
842 2405 913 2461 obiit.
893 2407 985 2461 ttA
993 2399 1030 2454 63

191 2489 265 2544 Nero
282 2485 457 2556 prefectum
449 2504 476 2540 ιι
494 2503 565 2556 spem
583 2483 707 2539 sociandae
725 2482 811 2538 classis
829 2487 975 2555 corrupt

192 2570 228 2631 et,
192 2565 364 2622 etincusata
376 2562 451 2632 paulo
464 2566 524 2616 ante
535 2560 678 2617 sterilitatis
693 2559 756 2615 oblit
744 2563 795 2626 tus,
813 2559 915 2616 abactos
930 2579 986 2631 par-

191 2647 237 2698 tus
256 2639 413 2696 conscientia
430 2638 572 2703 libidinum,
589 2655 669 2709 eaque
686 2637 735 2693 sibi
750 2641 885 2710 comperta,
903 2637 986 2693 edicto

192 2720 325 2785 memorat,
337 2715 469 2787 insulaque
477 2715 631 2771 Pandataria
643 2715 775 2770 Octaviam
787 2715 889 2771 claudit.
925 2714 1010 2768 Non2

195 2796 245 2851 alia
261 2794 322 2850 exul
338 2794 476 2850 visentium
493 2793 579 2849 oculos
596 2793 691 2863 majore
707 2791 877 2848 misericordia
895 2791 986 2846 affecit.

193 2873 367 2929 Meminerant
379 2870 462 2926 adhue
479 2871 581 2942 qnidam
592 2870 740 2942 Agrippiuoe
752 2889 768 2924 a
778 2868 886 2933 Tiberio,
900 2885 988 2922 reeen-

194 2954 246 3008 tior
257 2953 334 3008 Julire
345 2951 466 3008 memoria
477 2949 659 3006 obversabatur
671 2947 801 3004 aOlaudio
813 2947 900 3019 pulsae.
938 2945 1010 3001 Sedu

193 3030 245 3088 illis
255 3030 334 3088 robur
344 3030 428 3088 aetatis
440 3029 563 3085 affuerat:
580 3028 640 3084 lata
650 3027 734 3096 aliqua
745 3025 868 3088 videraut,
881 3026 907 3081 et
924 3039 989 3094 prae-
