2550 3500
287 374 320 426 7⁶
620 366 740 416 sacrm

890 428 925 477 [Α.
934 428 961 467 u,
969 429 991 467 o.
1002 425 1047 474 rte,
1057 429 1077 468 a

286 479 357 536 haud
372 478 537 550 spernendam
553 478 688 542 nationem,
701 477 729 531 in
739 475 834 541 eadem,
847 495 906 531 eum
922 477 1014 531 Furius
1027 478 1078 531 Ca-

287 557 371 612 millus
383 573 429 626 pro
441 555 542 610 consule
553 554 648 625 Africa
661 553 792 624 legionem,
805 563 832 608 et
850 553 919 623 quod
930 553 978 608 sub
994 554 1077 622 siguis

288 633 419 696 sociorum,
430 631 457 686 in
465 651 544 686 unum
556 630 693 686 eonduetos
706 629 737 683 ad
749 629 848 684 hostem
857 629 938 694 duxit,
951 630 1077 685 modicam

288 727 391 764 manum
403 708 424 763 si
436 707 625 762 multitudinem
642 705 812 761 Numidarum
830 711 907 776 atque
924 707 1077 763 Maurorum

289 793 430 856 spectares:
450 785 495 840 sed
514 784 577 858 nihil
595 802 666 854 aque
683 783 820 838 cavebatur
837 802 913 854 quam
929 802 963 838 ue
980 782 1077 839 bellum

265 865 359 916 tmetu
382 861 519 918 eluderent.
556 861 606 931 Spe
622 860 735 915 victoria
751 859 849 914 inducti
867 864 927 914 sunt
944 864 975 915 ut
992 861 1077 915 vinee·

288 942 384 994 rentur.
419 937 504 1009 Igitur
515 937 580 1008 legio
592 936 681 1001 medio,
700 936 768 990 leves
779 937 896 992 cohortes
912 936 1017 1006 duaque
1029 937 1077 993 alae

266 1015 316 1071 tiu
327 1014 444 1070 eornibus
456 1015 579 1070 locantur.
615 1013 672 1068 Nec
689 1012 833 1068 Tacfarinas
850 1031 961 1084 pugnam
978 1013 1077 1068 detree

288 1091 360 1146 tavit.
396 1090 459 1144 Fusi
482 1089 608 1155 Numidae,
633 1089 777 1159 multosque
806 1096 865 1159 post
888 1108 967 1146 anuos
996 1089 1076 1144 Furio

265 1167 383 1224 tuemini
402 1171 504 1238 partum
524 1165 600 1222 decus
620 1165 724 1220 militie,
760 1165 829 1221 Nam
846 1170 906 1236 post
922 1166 995 1220 illum
1012 1167 1077 1222 reci·

287 1248 429 1314 potatorem
445 1241 515 1298 urbis
537 1242 666 1312 filiumque
683 1245 739 1311 ejus
760 1242 894 1298 Camillum
914 1261 992 1313 penes
1012 1243 1075 1298 alias

287 1322 394 1378 familias
411 1320 571 1392 imperatoria
590 1320 646 1374 laus
663 1319 763 1386 fuerat3
781 1324 858 1390 atque
875 1320 917 1376 hic
932 1339 1009 1392 quem
1023 1340 1076 1376 me

263 1407 412 1456 emeramus
424 1397 546 1458 bellorum
563 1415 653 1466 expers
671 1396 818 1452 habebamur.
853 1397 893 1452 Eo
910 1400 1015 1468 pronior
1031 1397 1076 1452 'li-

287 1475 371 1532 berius
382 1493 422 1530 res
435 1478 519 1546 gestas
529 1473 596 1544 apud
608 1476 724 1528 senatum
735 1473 887 1538 eelebmvit3
905 1478 932 1528 et
941 1473 1075 1530 deerevere

286 1557 371 1623 patres
382 1551 543 1622 triumphalia
553 1549 670 1622 insignia,
683 1549 751 1620 quod
763 1550 869 1606 Camillo
880 1549 913 1606 ob
924 1550 1075 1606 modestiam

286 1629 346 1684 vitae
357 1629 459 1700 impune
467 1627 525 1683 fuit.

239 1711 278 1771 53
322 1706 434 1776 Sequens
446 1723 526 1761 annus
542 1702 672 1759 'liberium
685 1702 770 1769 tertio,
788 1703 965 1759 Germanicum
980 1704 1075 1761 itemm

286 1783 401 1841 censuales
416 1781 513 1839 habuit.
550 1780 600 1836 Sed
618 1798 678 1835 eum
693 1780 814 1835 honorem
832 1782 997 1837 Germanicus
1016 1782 1075 1837 iniit

286 1858 353 1930 apud
361 1858 449 1913 urbem
456 1857 559 1913 Achaiae
566 1856 717 1927 Nicopolim,
726 1875 777 1927 quo
783 1861 887 1913 venerat
894 1877 940 1929 per
946 1858 1075 1929 Illyricam

285 1953 362 2000 oram,
375 1935 430 1990 viso
445 1934 524 1989 fratre
536 1934 622 1987 Druso
636 1932 664 1987 in
675 1932 803 1987 Dalmatia
818 1938 917 2005 agente
930 1935 1076 1991 Hadriatici

285 2031 315 2068 ac
330 2030 389 2067 mox
402 2012 470 2067 Ionii
486 2012 562 2067 maris
579 2010 710 2065 adversam
725 2011 912 2081 navigationem
929 2030 1073 2083 perpessus.
1139 2055 1141 2070 .

262 2090 371 2161 flgitur
393 2106 486 2161 paucos
510 2088 562 2143 dies
580 2087 716 2157 insumpsit
733 2088 873 2145 reficienda
890 2089 980 2156 classi3
999 2091 1075 2147 simul

285 2167 356 2221 sinus
368 2166 474 2221 Actiaca
484 2164 591 2221 victoria
605 2163 722 2234 inclytos,
735 2169 762 2218 et
779 2169 890 2219 sacratas
907 2166 939 2220 ab
954 2168 1075 2238 Augusto

284 2242 422 2311 manubias,
435 2245 567 2313 castraque
578 2239 685 2297 Antonii
696 2258 753 2297 eum
765 2241 938 2299 recordatione
949 2244 1074 2315 majorum

262 2331 389 2378 teucrum
406 2320 476 2377 adiit.
512 2320 631 2390 Namque
654 2318 685 2384 ei,
709 2322 741 2373 ut
764 2320 908 2385 memoravi,
933 2322 1074 2377 avunculus

284 2398 426 2468 Augustus,
444 2416 506 2453 avus
523 2396 651 2453 Antonius
667 2400 747 2463 erant,
766 2414 907 2467 magnaque
922 2396 973 2453 illic
990 2398 1076 2470 imago

284 2473 398 2529 tristium
407 2473 580 2545 laetorumque.
608 2472 792 2528 Hineventum
800 2474 923 2538 Athenas,
936 2474 1075 2546 foeden'qne
1139 2491 1141 2556 j

285 2550 359 2605 aceiae
371 2554 398 2605 et
409 2554 517 2607 vetusta
535 2549 605 2605 urbis
621 2548 718 2615 datum
729 2554 760 2604 ut
776 2567 829 2603 uno
844 2550 934 2605 liotore
947 2555 1074 2612 uteretur.

260 2635 278 2684 4
287 2628 416 2697 Excepere
426 2628 509 2685 Graeei
520 2626 704 2698 quaesitissimis
716 2626 861 2695 honoribus,
871 2631 960 2683 vetera
970 2647 1075 2686 suorum

285 2704 355 2759 laeta
363 2703 481 2774 dictaque
493 2704 723 2774 metuentesque
734 2702 791 2773 plus
801 2702 953 2774 dignationis
963 2704 1075 2763 aduam

239 2784 397 2847 54haberet.
422 2782 677 2839 PetitaindeEuhma
685 2782 794 2837 tramisit
804 2784 923 2850 Lesbum,
931 2785 1075 2859 uhidgrip·

262 2862 345 2933 apina
356 2860 491 2917 novissimo
503 2858 679 2930 partuJuh'am
687 2858 773 2913 edidit.
802 2862 869 2916 Tum
878 2865 1074 2931 extremahsire,

286 2939 486 3009 Perinthumque
497 2954 526 2993 ac
538 2935 689 3007 Byzantium
705 2935 824 2993 Thracias
840 2937 925 3004 urbes,
937 2958 998 2995 mox
1008 2941 1075 2997 Pro-
1139 2929 1140 2932 ¹
