<?xml version="1.0" encoding="UTF-8"?>
<!DOCTYPE html PUBLIC "-//W3C//DTD XHTML 1.0 Transitional//EN"
    "http://www.w3.org/TR/xhtml1/DTD/xhtml1-transitional.dtd">
<html xmlns="http://www.w3.org/1999/xhtml" xml:lang="en" lang="en">
 <head>
  <title>
</title>
<meta http-equiv="Content-Type" content="text/html;charset=utf-8" />
  <meta name='ocr-system' content='tesseract 3.04.00' />
  <meta name='ocr-capabilities' content='ocr_page ocr_carea ocr_par ocr_line ocrx_word'/>
</head>
<body>
  <div class='ocr_page' id='page_1' title='image "./operaomniaadfid01tacigoog_0030.png"; bbox 0 0 2550 3500; ppageno 0'>
   <div class='ocr_carea' id='block_1_1' title="bbox 269 380 1064 494">
    <p class='ocr_par' dir='ltr' id='par_1_1' title="bbox 269 380 1064 494">
     <span class='ocr_line' id='line_1_1' title="bbox 269 380 726 429; baseline 0.002 -2"><span class='ocrx_word' id='word_1_1' title='bbox 269 380 302 428; x_wconf 76' lang='lat'>24</span> <span class='ocrx_word' id='word_1_2' title='bbox 605 381 726 429; x_wconf 74' lang='lat' dir='ltr'>&#39;factm</span> 
     </span>
     <span class='ocr_line' id='line_1_2' title="bbox 908 445 1064 494; baseline 0.013 -10"><span class='ocrx_word' id='word_1_3' title='bbox 908 445 943 494; x_wconf 79' lang='lat' dir='ltr'>n.</span> <span class='ocrx_word' id='word_1_4' title='bbox 951 447 979 485; x_wconf 87' lang='lat' dir='ltr'>u.</span> <span class='ocrx_word' id='word_1_5' title='bbox 986 447 1009 484; x_wconf 86' lang='lat' dir='ltr'>c.</span> <span class='ocrx_word' id='word_1_6' title='bbox 1020 445 1064 488; x_wconf 80' lang='lat' dir='ltr'>ru.</span> 
     </span>
    </p>
   </div>
   <div class='ocr_carea' id='block_1_2' title="bbox 225 489 1140 3051">
    <p class='ocr_par' dir='ltr' id='par_1_2' title="bbox 225 489 1140 3051">
     <span class='ocr_line' id='line_1_3' title="bbox 269 489 1065 564; baseline 0.005 -18"><span class='ocrx_word' id='word_1_7' title='bbox 269 489 301 546; x_wconf 88' lang='lat' dir='ltr'>ab</span> <span class='ocrx_word' id='word_1_8' title='bbox 317 489 422 546; x_wconf 86' lang='lat' dir='ltr'>audacia</span> <span class='ocrx_word' id='word_1_9' title='bbox 437 494 585 548; x_wconf 83' lang='lat' dir='ltr'>mutuatur:</span> <span class='ocrx_word' id='word_1_10' title='bbox 604 509 655 546; x_wconf 90' lang='lat' dir='ltr'>non</span> <span class='ocrx_word' id='word_1_11' title='bbox 671 494 819 564; x_wconf 72' lang='lat' dir='ltr'>prefectum</span> <span class='ocrx_word' id='word_1_12' title='bbox 835 497 866 549; x_wconf 90' lang='lat' dir='ltr'>ab</span> <span class='ocrx_word' id='word_1_13' title='bbox 885 495 923 560; x_wconf 90' lang='lat' dir='ltr'>iis,</span> <span class='ocrx_word' id='word_1_14' title='bbox 941 495 986 549; x_wconf 91' lang='lat' dir='ltr'>sed</span> <span class='ocrx_word' id='word_1_15' title='bbox 1004 497 1065 550; x_wconf 83' lang='lat' dir='ltr'>Ger·</span> 
     </span>
     <span class='ocr_line' id='line_1_4' title="bbox 269 567 1064 642; baseline 0.006 -20"><span class='ocrx_word' id='word_1_16' title='bbox 269 569 396 623; x_wconf 89' lang='lat' dir='ltr'>manicum</span> <span class='ocrx_word' id='word_1_17' title='bbox 420 567 516 634; x_wconf 89' lang='lat' dir='ltr'>ducem,</span> <span class='ocrx_word' id='word_1_18' title='bbox 542 569 587 624; x_wconf 90' lang='lat' dir='ltr'>sed</span> <span class='ocrx_word' id='word_1_19' title='bbox 610 570 741 625; x_wconf 84' lang='lat' dir='ltr'>Tiberium</span> <span class='ocrx_word' id='word_1_20' title='bbox 764 571 943 642; x_wconf 66' lang='lat' dir='ltr'>imperatorem</span> <span class='ocrx_word' id='word_1_21' title='bbox 966 573 1064 627; x_wconf 77' lang='lat' dir='ltr'>violari,</span> 
     </span>
     <span class='ocr_line' id='line_1_5' title="bbox 247 645 1066 719; baseline 0.004 -17"><span class='ocrx_word' id='word_1_22' title='bbox 247 645 351 702; x_wconf 75' lang='lat' dir='ltr'>csimnl</span> <span class='ocrx_word' id='word_1_23' title='bbox 369 646 498 700; x_wconf 87' lang='lat' dir='ltr'>exterritis</span> <span class='ocrx_word' id='word_1_24' title='bbox 520 647 564 718; x_wconf 92' lang='lat' dir='ltr'>qui</span> <span class='ocrx_word' id='word_1_25' title='bbox 585 647 747 713; x_wconf 76' lang='lat' dir='ltr'><strong>obstiterant,</strong></span> <span class='ocrx_word' id='word_1_26' title='bbox 769 654 871 719; x_wconf 90' lang='lat' dir='ltr'>raptum</span> <span class='ocrx_word' id='word_1_27' title='bbox 891 649 1011 704; x_wconf 84' lang='lat' dir='ltr'>vexillum</span> <span class='ocrx_word' id='word_1_28' title='bbox 1033 650 1066 705; x_wconf 83' lang='lat' dir='ltr'>ad</span> 
     </span>
     <span class='ocr_line' id='line_1_6' title="bbox 269 722 1066 796; baseline 0.004 -18"><span class='ocrx_word' id='word_1_29' title='bbox 269 722 348 793; x_wconf 84' lang='lat' dir='ltr'>ripam</span> <span class='ocrx_word' id='word_1_30' title='bbox 361 723 446 789; x_wconf 87' lang='lat' dir='ltr'>vertit,</span> <span class='ocrx_word' id='word_1_31' title='bbox 455 727 482 778; x_wconf 90' lang='lat' dir='ltr'>et</span> <span class='ocrx_word' id='word_1_32' title='bbox 494 724 516 778; x_wconf 91' lang='lat' dir='ltr'>si</span> <span class='ocrx_word' id='word_1_33' title='bbox 528 724 585 795; x_wconf 91' lang='lat' dir='ltr'>quis</span> <span class='ocrx_word' id='word_1_34' title='bbox 595 725 696 796; x_wconf 78' lang='lat' dir='ltr'>agmine</span> <span class='ocrx_word' id='word_1_35' title='bbox 708 725 868 793; x_wconf 77' lang='lat' dir='ltr'>decessisset,</span> <span class='ocrx_word' id='word_1_36' title='bbox 877 744 923 796; x_wconf 92' lang='lat' dir='ltr'>pro</span> <span class='ocrx_word' id='word_1_37' title='bbox 935 725 1066 782; x_wconf 89' lang='lat' dir='ltr'>desertore</span> 
     </span>
     <span class='ocr_line' id='line_1_7' title="bbox 269 799 1065 867; baseline 0.005 -11"><span class='ocrx_word' id='word_1_38' title='bbox 269 799 324 856; x_wconf 80' lang='lat' dir='ltr'>lore</span> <span class='ocrx_word' id='word_1_39' title='bbox 347 799 485 867; x_wconf 73' lang='lat' dir='ltr'>classitana,</span> <span class='ocrx_word' id='word_1_40' title='bbox 508 801 610 856; x_wconf 81' lang='lat' dir='ltr'>reduxit</span> <span class='ocrx_word' id='word_1_41' title='bbox 633 803 661 856; x_wconf 89' lang='lat' dir='ltr'>in</span> <span class='ocrx_word' id='word_1_42' title='bbox 683 803 788 858; x_wconf 88' lang='lat' dir='ltr'>hiberna</span> <span class='ocrx_word' id='word_1_43' title='bbox 810 803 927 859; x_wconf 88' lang='lat' dir='ltr'>turbidos</span> <span class='ocrx_word' id='word_1_44' title='bbox 951 810 978 859; x_wconf 91' lang='lat' dir='ltr'>et</span> <span class='ocrx_word' id='word_1_45' title='bbox 1001 805 1065 860; x_wconf 85' lang='lat' dir='ltr'>nibil</span> 
     </span>
     <span class='ocr_line' id='line_1_8' title="bbox 269 895 352 932; baseline 0.012 -1"><span class='ocrx_word' id='word_1_46' title='bbox 269 895 352 932; x_wconf 87' lang='lat' dir='ltr'>ausos.</span> 
     </span>
     <span class='ocr_line' id='line_1_9' title="bbox 225 953 1065 1030; baseline 0.005 -19"><span class='ocrx_word' id='word_1_47' title='bbox 225 953 262 1011; x_wconf 78' lang='grc'>89</span> <span class='ocrx_word' id='word_1_48' title='bbox 304 954 406 1010; x_wconf 81' lang='lat' dir='ltr'>interea</span> <span class='ocrx_word' id='word_1_49' title='bbox 423 954 500 1027; x_wconf 85' lang='lat' dir='ltr'>legati</span> <span class='ocrx_word' id='word_1_50' title='bbox 518 956 550 1012; x_wconf 89' lang='lat' dir='ltr'>ab</span> <span class='ocrx_word' id='word_1_51' title='bbox 571 959 662 1011; x_wconf 88' lang='lat' dir='ltr'>senatu</span> <span class='ocrx_word' id='word_1_52' title='bbox 679 976 823 1030; x_wconf 85' lang='lat' dir='ltr'>regressum</span> <span class='ocrx_word' id='word_1_53' title='bbox 838 959 891 1030; x_wconf 84' lang='lat' dir='ltr'>jam</span> <span class='ocrx_word' id='word_1_54' title='bbox 909 959 978 1030; x_wconf 90' lang='lat' dir='ltr'>apud</span> <span class='ocrx_word' id='word_1_55' title='bbox 995 978 1065 1015; x_wconf 86' lang='lat' dir='ltr'>aram</span> 
     </span>
     <span class='ocr_line' id='line_1_10' title="bbox 247 1030 1070 1108; baseline 0.007 -22"><span class='ocrx_word' id='word_1_56' title='bbox 247 1030 394 1087; x_wconf 89' lang='lat' dir='ltr'>2Ubiorum</span> <span class='ocrx_word' id='word_1_57' title='bbox 407 1033 582 1088; x_wconf 88' lang='lat' dir='ltr'>Germanicum</span> <span class='ocrx_word' id='word_1_58' title='bbox 592 1034 694 1090; x_wconf 88' lang='lat' dir='ltr'>adeunt.</span> <span class='ocrx_word' id='word_1_59' title='bbox 730 1036 796 1091; x_wconf 81' lang='lat' dir='ltr'>Due</span> <span class='ocrx_word' id='word_1_60' title='bbox 807 1036 842 1090; x_wconf 90' lang='lat' dir='ltr'>ibi</span> <span class='ocrx_word' id='word_1_61' title='bbox 854 1037 973 1108; x_wconf 82' lang='lat' dir='ltr'>legiones,</span> <span class='ocrx_word' id='word_1_62' title='bbox 984 1035 1070 1106; x_wconf 83' lang='lat' dir='ltr'>prima</span> 
     </span>
     <span class='ocr_line' id='line_1_11' title="bbox 269 1109 1139 1199; baseline 0.003 -36"><span class='ocrx_word' id='word_1_63' title='bbox 269 1113 345 1179; x_wconf 90' lang='lat' dir='ltr'>atque</span> <span class='ocrx_word' id='word_1_64' title='bbox 365 1109 490 1176; x_wconf 84' lang='lat' dir='ltr'>vicesima,</span> <span class='ocrx_word' id='word_1_65' title='bbox 512 1111 675 1183; x_wconf 84' lang='lat' dir='ltr'>veteranique</span> <span class='ocrx_word' id='word_1_66' title='bbox 697 1131 779 1183; x_wconf 89' lang='lat' dir='ltr'>nuper</span> <span class='ocrx_word' id='word_1_67' title='bbox 799 1114 870 1168; x_wconf 89' lang='lat' dir='ltr'>missi</span> <span class='ocrx_word' id='word_1_68' title='bbox 894 1113 1070 1176; x_wconf 73' lang='lat' dir='ltr'>subvenibo,</span> <span class='ocrx_word' id='word_1_69' title='bbox 1137 1134 1139 1199; x_wconf 64' lang='lat' dir='ltr'>p</span> 
     </span>
     <span class='ocr_line' id='line_1_12' title="bbox 247 1185 1138 1246; baseline 0 -1"><span class='ocrx_word' id='word_1_70' title='bbox 247 1185 420 1245; x_wconf 70' lang='lat' dir='ltr'>thiemabant.</span> <span class='ocrx_word' id='word_1_71' title='bbox 456 1187 564 1242; x_wconf 85' lang='lat' dir='ltr'>Pavidos</span> <span class='ocrx_word' id='word_1_72' title='bbox 577 1193 603 1243; x_wconf 89' lang='lat' dir='ltr'>et</span> <span class='ocrx_word' id='word_1_73' title='bbox 615 1190 769 1244; x_wconf 88' lang='lat' dir='ltr'>conscientia</span> <span class='ocrx_word' id='word_1_74' title='bbox 780 1190 900 1246; x_wconf 75' lang='lat' dir='ltr'>vecordes</span> <span class='ocrx_word' id='word_1_75' title='bbox 916 1191 995 1246; x_wconf 84' lang='lat' dir='ltr'>intrat</span> <span class='ocrx_word' id='word_1_76' title='bbox 1011 1208 1067 1245; x_wconf 90' lang='lat' dir='ltr'>me·</span> <span class='ocrx_word' id='word_1_77' title='bbox 1137 1216 1138 1223; x_wconf 47' lang='lat'>¹</span> 
     </span>
     <span class='ocr_line' id='line_1_13' title="bbox 269 1265 1066 1340; baseline 0.008 -22"><span class='ocrx_word' id='word_1_78' title='bbox 269 1267 319 1331; x_wconf 80' lang='lat' dir='ltr'>tus,</span> <span class='ocrx_word' id='word_1_79' title='bbox 331 1265 429 1320; x_wconf 70' lang='lat' dir='ltr'>vennae</span> <span class='ocrx_word' id='word_1_80' title='bbox 441 1270 541 1338; x_wconf 87' lang='lat' dir='ltr'>patrum</span> <span class='ocrx_word' id='word_1_81' title='bbox 552 1267 626 1338; x_wconf 88' lang='lat' dir='ltr'>jussu</span> <span class='ocrx_word' id='word_1_82' title='bbox 638 1268 683 1338; x_wconf 92' lang='lat' dir='ltr'>qui</span> <span class='ocrx_word' id='word_1_83' title='bbox 694 1268 767 1323; x_wconf 87' lang='lat' dir='ltr'>irrita</span> <span class='ocrx_word' id='word_1_84' title='bbox 778 1269 889 1323; x_wconf 84' lang='lat' dir='ltr'>lacerent</span> <span class='ocrx_word' id='word_1_85' title='bbox 901 1288 958 1340; x_wconf 80' lang='lat' dir='ltr'>quae</span> <span class='ocrx_word' id='word_1_86' title='bbox 969 1288 1015 1340; x_wconf 92' lang='lat' dir='ltr'>per</span> <span class='ocrx_word' id='word_1_87' title='bbox 1026 1288 1066 1324; x_wconf 88' lang='lat' dir='ltr'>se-</span> 
     </span>
     <span class='ocr_line' id='line_1_14' title="bbox 246 1341 1066 1419; baseline 0.007 -23"><span class='ocrx_word' id='word_1_88' title='bbox 246 1341 389 1398; x_wconf 71' lang='lat' dir='ltr'>aditionem</span> <span class='ocrx_word' id='word_1_89' title='bbox 399 1350 581 1416; x_wconf 84' lang='lat' dir='ltr'>expresserant.</span> <span class='ocrx_word' id='word_1_90' title='bbox 617 1347 707 1418; x_wconf 92' lang='lat' dir='ltr'>thue</span> <span class='ocrx_word' id='word_1_91' title='bbox 716 1366 770 1401; x_wconf 89' lang='lat' dir='ltr'>mos</span> <span class='ocrx_word' id='word_1_92' title='bbox 779 1347 856 1419; x_wconf 83' lang='lat' dir='ltr'>vulgo</span> <span class='ocrx_word' id='word_1_93' title='bbox 868 1348 982 1419; x_wconf 86' lang='lat' dir='ltr'>quamvis</span> <span class='ocrx_word' id='word_1_94' title='bbox 992 1348 1066 1403; x_wconf 81' lang='lat' dir='ltr'>falsis</span> 
     </span>
     <span class='ocr_line' id='line_1_15' title="bbox 268 1421 1064 1491; baseline 0.005 -15"><span class='ocrx_word' id='word_1_95' title='bbox 268 1439 340 1476; x_wconf 87' lang='lat' dir='ltr'>reum</span> <span class='ocrx_word' id='word_1_96' title='bbox 356 1421 470 1488; x_wconf 86' lang='lat' dir='ltr'>subdere,</span> <span class='ocrx_word' id='word_1_97' title='bbox 484 1423 632 1478; x_wconf 86' lang='lat' dir='ltr'>Munatium</span> <span class='ocrx_word' id='word_1_98' title='bbox 649 1425 772 1480; x_wconf 87' lang='lat' dir='ltr'>Plancum</span> <span class='ocrx_word' id='word_1_99' title='bbox 788 1425 922 1480; x_wconf 82' lang='lat' dir='ltr'>consulatu</span> <span class='ocrx_word' id='word_1_100' title='bbox 937 1426 1064 1491; x_wconf 66' lang='lat' dir='ltr'>fundum,</span> 
     </span>
     <span class='ocr_line' id='line_1_16' title="bbox 268 1499 1066 1572; baseline 0.006 -19"><span class='ocrx_word' id='word_1_101' title='bbox 268 1499 406 1571; x_wconf 91' lang='lat' dir='ltr'>principem</span> <span class='ocrx_word' id='word_1_102' title='bbox 427 1500 568 1572; x_wconf 84' lang='lat' dir='ltr'>legationis,</span> <span class='ocrx_word' id='word_1_103' title='bbox 592 1507 720 1557; x_wconf 90' lang='lat' dir='ltr'>auctorem</span> <span class='ocrx_word' id='word_1_104' title='bbox 741 1506 844 1558; x_wconf 86' lang='lat' dir='ltr'>senatus</span> <span class='ocrx_word' id='word_1_105' title='bbox 864 1503 974 1557; x_wconf 87' lang='lat' dir='ltr'>consulti</span> <span class='ocrx_word' id='word_1_106' title='bbox 994 1502 1066 1558; x_wconf 91' lang='lat' dir='ltr'>incu-</span> 
     </span>
     <span class='ocr_line' id='line_1_17' title="bbox 269 1579 1066 1644; baseline 0.005 -13"><span class='ocrx_word' id='word_1_107' title='bbox 269 1582 341 1644; x_wconf 92' lang='lat' dir='ltr'>sant;</span> <span class='ocrx_word' id='word_1_108' title='bbox 360 1581 387 1632; x_wconf 91' lang='lat' dir='ltr'>et</span> <span class='ocrx_word' id='word_1_109' title='bbox 398 1582 473 1633; x_wconf 88' lang='lat' dir='ltr'>nocte</span> <span class='ocrx_word' id='word_1_110' title='bbox 485 1579 607 1633; x_wconf 88' lang='lat' dir='ltr'>concubia</span> <span class='ocrx_word' id='word_1_111' title='bbox 618 1580 737 1634; x_wconf 83' lang='lat' dir='ltr'>vexillum</span> <span class='ocrx_word' id='word_1_112' title='bbox 748 1581 776 1635; x_wconf 93' lang='lat' dir='ltr'>in</span> <span class='ocrx_word' id='word_1_113' title='bbox 787 1580 862 1634; x_wconf 88' lang='lat' dir='ltr'>domo</span> <span class='ocrx_word' id='word_1_114' title='bbox 875 1581 1018 1635; x_wconf 87' lang='lat' dir='ltr'>Germanici</span> <span class='ocrx_word' id='word_1_115' title='bbox 1030 1581 1066 1635; x_wconf 90' lang='lat' dir='ltr'>si·</span> 
     </span>
     <span class='ocr_line' id='line_1_18' title="bbox 268 1655 1065 1728; baseline 0.005 -19"><span class='ocrx_word' id='word_1_116' title='bbox 268 1657 323 1709; x_wconf 91' lang='lat' dir='ltr'>turn</span> <span class='ocrx_word' id='word_1_117' title='bbox 345 1655 459 1727; x_wconf 82' lang='lat' dir='ltr'>flagitare</span> <span class='ocrx_word' id='word_1_118' title='bbox 476 1655 611 1726; x_wconf 88' lang='lat' dir='ltr'>occipiunt,</span> <span class='ocrx_word' id='word_1_119' title='bbox 629 1675 805 1726; x_wconf 85' lang='lat' dir='ltr'>concursuque</span> <span class='ocrx_word' id='word_1_120' title='bbox 822 1657 853 1712; x_wconf 87' lang='lat' dir='ltr'>ad</span> <span class='ocrx_word' id='word_1_121' title='bbox 870 1658 973 1728; x_wconf 85' lang='lat' dir='ltr'>januam</span> <span class='ocrx_word' id='word_1_122' title='bbox 995 1658 1065 1714; x_wconf 84' lang='lat' dir='ltr'>lacto</span> 
     </span>
     <span class='ocr_line' id='line_1_19' title="bbox 268 1733 1066 1801; baseline 0.005 -12"><span class='ocrx_word' id='word_1_123' title='bbox 268 1733 407 1791; x_wconf 88' lang='lat' dir='ltr'>moliuntur</span> <span class='ocrx_word' id='word_1_124' title='bbox 421 1735 495 1801; x_wconf 82' lang='lat' dir='ltr'>iores,</span> <span class='ocrx_word' id='word_1_125' title='bbox 509 1739 651 1791; x_wconf 84' lang='lat' dir='ltr'>extractum</span> <span class='ocrx_word' id='word_1_126' title='bbox 665 1736 742 1791; x_wconf 90' lang='lat' dir='ltr'>cubili</span> <span class='ocrx_word' id='word_1_127' title='bbox 754 1735 878 1792; x_wconf 75' lang='lat' dir='ltr'>Caesarem</span> <span class='ocrx_word' id='word_1_128' title='bbox 893 1736 994 1793; x_wconf 86' lang='lat' dir='ltr'>tradere</span> <span class='ocrx_word' id='word_1_129' title='bbox 1005 1757 1066 1793; x_wconf 84' lang='lat' dir='ltr'>vex·</span> 
     </span>
     <span class='ocr_line' id='line_1_20' title="bbox 246 1811 1066 1887; baseline 0.002 -18"><span class='ocrx_word' id='word_1_130' title='bbox 246 1811 339 1869; x_wconf 70' lang='lat' dir='ltr'>billum</span> <span class='ocrx_word' id='word_1_131' title='bbox 357 1812 456 1867; x_wconf 84' lang='lat' dir='ltr'>intanto</span> <span class='ocrx_word' id='word_1_132' title='bbox 477 1813 565 1868; x_wconf 88' lang='lat' dir='ltr'>mortis</span> <span class='ocrx_word' id='word_1_133' title='bbox 589 1816 660 1867; x_wconf 89' lang='lat' dir='ltr'>metu</span> <span class='ocrx_word' id='word_1_134' title='bbox 683 1813 813 1885; x_wconf 86' lang='lat' dir='ltr'>subigunt.</span> <span class='ocrx_word' id='word_1_135' title='bbox 849 1815 914 1869; x_wconf 86' lang='lat' dir='ltr'>Mox</span> <span class='ocrx_word' id='word_1_136' title='bbox 936 1815 995 1886; x_wconf 85' lang='lat' dir='ltr'>vagi</span> <span class='ocrx_word' id='word_1_137' title='bbox 1017 1834 1066 1887; x_wconf 89' lang='lat' dir='ltr'>per</span> 
     </span>
     <span class='ocr_line' id='line_1_21' title="bbox 268 1889 1066 1963; baseline 0.005 -20"><span class='ocrx_word' id='word_1_138' title='bbox 268 1890 322 1943; x_wconf 84' lang='lat' dir='ltr'>vias</span> <span class='ocrx_word' id='word_1_139' title='bbox 340 1889 426 1945; x_wconf 87' lang='lat' dir='ltr'>obvios</span> <span class='ocrx_word' id='word_1_140' title='bbox 444 1890 554 1945; x_wconf 86' lang='lat' dir='ltr'>habuere</span> <span class='ocrx_word' id='word_1_141' title='bbox 574 1889 680 1963; x_wconf 88' lang='lat' dir='ltr'>legatos,</span> <span class='ocrx_word' id='word_1_142' title='bbox 700 1892 787 1946; x_wconf 88' lang='lat' dir='ltr'>audita</span> <span class='ocrx_word' id='word_1_143' title='bbox 807 1893 1011 1947; x_wconf 85' lang='lat' dir='ltr'>consternatione</span> <span class='ocrx_word' id='word_1_144' title='bbox 1032 1892 1066 1949; x_wconf 87' lang='lat' dir='ltr'>ad</span> 
     </span>
     <span class='ocr_line' id='line_1_22' title="bbox 246 1966 1140 2040; baseline 0.006 -19"><span class='ocrx_word' id='word_1_145' title='bbox 246 1966 445 2021; x_wconf 80' lang='lat' dir='ltr'>dGermanicum</span> <span class='ocrx_word' id='word_1_146' title='bbox 461 1966 603 2023; x_wconf 88' lang='lat' dir='ltr'>tendentes.</span> <span class='ocrx_word' id='word_1_147' title='bbox 640 1969 765 2040; x_wconf 89' lang='lat' dir='ltr'>Ingerunt</span> <span class='ocrx_word' id='word_1_148' title='bbox 784 1970 956 2035; x_wconf 83' lang='lat' dir='ltr'>contumelias,</span> <span class='ocrx_word' id='word_1_149' title='bbox 969 1970 1064 2025; x_wconf 75' lang='lat' dir='ltr'>cadem</span> <span class='ocrx_word' id='word_1_150' title='bbox 1138 1993 1140 2026; x_wconf 76' lang='grc' dir='ltr'>ι</span> 
     </span>
     <span class='ocr_line' id='line_1_23' title="bbox 268 2044 1065 2119; baseline 0.006 -22"><span class='ocrx_word' id='word_1_151' title='bbox 268 2048 366 2115; x_wconf 85' lang='lat' dir='ltr'>parant,</span> <span class='ocrx_word' id='word_1_152' title='bbox 377 2044 470 2099; x_wconf 88' lang='lat' dir='ltr'>Planco</span> <span class='ocrx_word' id='word_1_153' title='bbox 482 2045 596 2109; x_wconf 82' lang='lat' dir='ltr'>maxime,</span> <span class='ocrx_word' id='word_1_154' title='bbox 607 2063 682 2115; x_wconf 90' lang='lat' dir='ltr'>quem</span> <span class='ocrx_word' id='word_1_155' title='bbox 695 2045 805 2117; x_wconf 87' lang='lat' dir='ltr'>dignitas</span> <span class='ocrx_word' id='word_1_156' title='bbox 817 2046 879 2119; x_wconf 86' lang='lat' dir='ltr'>luga</span> <span class='ocrx_word' id='word_1_157' title='bbox 890 2047 1065 2118; x_wconf 64' lang='lat' dir='ltr'>impediverat„</span> 
     </span>
     <span class='ocr_line' id='line_1_24' title="bbox 268 2120 1066 2196; baseline 0.006 -21"><span class='ocrx_word' id='word_1_158' title='bbox 268 2120 360 2192; x_wconf 89' lang='lat' dir='ltr'>Neque</span> <span class='ocrx_word' id='word_1_159' title='bbox 376 2121 443 2177; x_wconf 84' lang='lat' dir='ltr'>aliud</span> <span class='ocrx_word' id='word_1_160' title='bbox 455 2122 607 2193; x_wconf 85' lang='lat' dir='ltr'>periclitanti</span> <span class='ocrx_word' id='word_1_161' title='bbox 623 2122 763 2178; x_wconf 86' lang='lat' dir='ltr'>subsidium</span> <span class='ocrx_word' id='word_1_162' title='bbox 782 2143 858 2194; x_wconf 89' lang='lat' dir='ltr'>quam</span> <span class='ocrx_word' id='word_1_163' title='bbox 876 2130 961 2179; x_wconf 89' lang='lat' dir='ltr'>castra</span> <span class='ocrx_word' id='word_1_164' title='bbox 977 2126 1066 2196; x_wconf 75' lang='lat' dir='ltr'>prima</span> 
     </span>
     <span class='ocr_line' id='line_1_25' title="bbox 247 2198 1066 2275; baseline 0.002 -18"><span class='ocrx_word' id='word_1_165' title='bbox 247 2198 381 2271; x_wconf 78' lang='lat' dir='ltr'>tlegionia.</span> <span class='ocrx_word' id='word_1_166' title='bbox 417 2200 474 2255; x_wconf 91' lang='lat' dir='ltr'>Illic</span> <span class='ocrx_word' id='word_1_167' title='bbox 486 2201 558 2273; x_wconf 89' lang='lat' dir='ltr'>signa</span> <span class='ocrx_word' id='word_1_168' title='bbox 570 2206 596 2256; x_wconf 91' lang='lat' dir='ltr'>et</span> <span class='ocrx_word' id='word_1_169' title='bbox 608 2202 717 2273; x_wconf 83' lang='lat' dir='ltr'>aquilam</span> <span class='ocrx_word' id='word_1_170' title='bbox 729 2203 859 2273; x_wconf 81' lang='lat' dir='ltr'>amplexus</span> <span class='ocrx_word' id='word_1_171' title='bbox 870 2203 992 2275; x_wconf 84' lang='lat' dir='ltr'>religione</span> <span class='ocrx_word' id='word_1_172' title='bbox 1008 2222 1066 2259; x_wconf 84' lang='lat' dir='ltr'>sese</span> 
     </span>
     <span class='ocr_line' id='line_1_26' title="bbox 268 2276 1066 2351; baseline 0.006 -20"><span class='ocrx_word' id='word_1_173' title='bbox 268 2276 415 2345; x_wconf 87' lang='lat' dir='ltr'>tutabatur;</span> <span class='ocrx_word' id='word_1_174' title='bbox 434 2296 463 2333; x_wconf 87' lang='lat' dir='ltr'>ae</span> <span class='ocrx_word' id='word_1_175' title='bbox 475 2278 502 2333; x_wconf 90' lang='lat' dir='ltr'>ni</span> <span class='ocrx_word' id='word_1_176' title='bbox 513 2279 630 2350; x_wconf 78' lang='lat' dir='ltr'>aquilifer</span> <span class='ocrx_word' id='word_1_177' title='bbox 642 2279 794 2351; x_wconf 81' lang='lat' dir='ltr'>Calpurnius</span> <span class='ocrx_word' id='word_1_178' title='bbox 806 2281 857 2335; x_wconf 85' lang='lat' dir='ltr'>vim</span> <span class='ocrx_word' id='word_1_179' title='bbox 869 2285 1008 2335; x_wconf 82' lang='lat' dir='ltr'>extremam</span> <span class='ocrx_word' id='word_1_180' title='bbox 1026 2300 1066 2336; x_wconf 87' lang='lat' dir='ltr'>ar·</span> 
     </span>
     <span class='ocr_line' id='line_1_27' title="bbox 268 2354 1139 2429; baseline 0.007 -20"><span class='ocrx_word' id='word_1_181' title='bbox 268 2354 1066 2429; x_wconf 75' lang='lat' dir='ltr'>ruisset,(rarumetiamintarhostas,)legatuspopuliltomani</span> <span class='ocrx_word' id='word_1_182' title='bbox 1138 2399 1139 2402; x_wconf 17' lang='grc' dir='ltr'>η</span> 
     </span>
     <span class='ocr_line' id='line_1_28' title="bbox 268 2433 1066 2505; baseline 0.004 -17"><span class='ocrx_word' id='word_1_183' title='bbox 268 2433 391 2489; x_wconf 88' lang='lat' dir='ltr'>Romanis</span> <span class='ocrx_word' id='word_1_184' title='bbox 411 2435 438 2489; x_wconf 93' lang='lat' dir='ltr'>in</span> <span class='ocrx_word' id='word_1_185' title='bbox 461 2435 551 2490; x_wconf 86' lang='lat' dir='ltr'>eastris</span> <span class='ocrx_word' id='word_1_186' title='bbox 571 2436 696 2505; x_wconf 86' lang='lat' dir='ltr'>sanguine</span> <span class='ocrx_word' id='word_1_187' title='bbox 716 2454 763 2491; x_wconf 89' lang='lat' dir='ltr'>suo</span> <span class='ocrx_word' id='word_1_188' title='bbox 787 2435 876 2490; x_wconf 87' lang='lat' dir='ltr'>altaria</span> <span class='ocrx_word' id='word_1_189' title='bbox 898 2435 973 2490; x_wconf 90' lang='lat' dir='ltr'>deum</span> <span class='ocrx_word' id='word_1_190' title='bbox 998 2454 1066 2491; x_wconf 90' lang='lat' dir='ltr'>com-</span> 
     </span>
     <span class='ocr_line' id='line_1_29' title="bbox 247 2511 1065 2585; baseline 0 -16"><span class='ocrx_word' id='word_1_191' title='bbox 247 2511 452 2569; x_wconf 86' lang='lat' dir='ltr'>8maculavisset.</span> <span class='ocrx_word' id='word_1_192' title='bbox 487 2512 559 2568; x_wconf 88' lang='lat' dir='ltr'>Luce</span> <span class='ocrx_word' id='word_1_193' title='bbox 575 2512 684 2579; x_wconf 88' lang='lat' dir='ltr'>demum,</span> <span class='ocrx_word' id='word_1_194' title='bbox 696 2517 832 2585; x_wconf 90' lang='lat' dir='ltr'>postquam</span> <span class='ocrx_word' id='word_1_195' title='bbox 845 2512 898 2568; x_wconf 85' lang='lat' dir='ltr'>dux</span> <span class='ocrx_word' id='word_1_196' title='bbox 914 2517 941 2568; x_wconf 90' lang='lat' dir='ltr'>et</span> <span class='ocrx_word' id='word_1_197' title='bbox 953 2514 1025 2568; x_wconf 88' lang='lat' dir='ltr'>miles</span> <span class='ocrx_word' id='word_1_198' title='bbox 1037 2518 1065 2569; x_wconf 93' lang='lat' dir='ltr'>et</span> 
     </span>
     <span class='ocr_line' id='line_1_30' title="bbox 269 2588 1066 2663; baseline 0.004 -20"><span class='ocrx_word' id='word_1_199' title='bbox 269 2588 337 2644; x_wconf 84' lang='lat' dir='ltr'>tacta</span> <span class='ocrx_word' id='word_1_200' title='bbox 347 2590 523 2656; x_wconf 89' lang='lat' dir='ltr'>noscebantur,</span> <span class='ocrx_word' id='word_1_201' title='bbox 536 2591 667 2663; x_wconf 86' lang='lat' dir='ltr'>ingressus</span> <span class='ocrx_word' id='word_1_202' title='bbox 679 2595 763 2646; x_wconf 88' lang='lat' dir='ltr'>castra</span> <span class='ocrx_word' id='word_1_203' title='bbox 778 2591 944 2646; x_wconf 85' lang='lat' dir='ltr'>Germanicus</span> <span class='ocrx_word' id='word_1_204' title='bbox 960 2591 1066 2662; x_wconf 88' lang='lat' dir='ltr'>perduci</span> 
     </span>
     <span class='ocr_line' id='line_1_31' title="bbox 269 2667 1064 2741; baseline 0.003 -18"><span class='ocrx_word' id='word_1_205' title='bbox 269 2667 301 2723; x_wconf 86' lang='lat' dir='ltr'>ad</span> <span class='ocrx_word' id='word_1_206' title='bbox 317 2686 345 2723; x_wconf 85' lang='lat' dir='ltr'>aa</span> <span class='ocrx_word' id='word_1_207' title='bbox 365 2668 487 2724; x_wconf 88' lang='lat' dir='ltr'>Plancum</span> <span class='ocrx_word' id='word_1_208' title='bbox 507 2670 622 2740; x_wconf 84' lang='lat' dir='ltr'>imperat,</span> <span class='ocrx_word' id='word_1_209' title='bbox 639 2670 785 2741; x_wconf 83' lang='lat' dir='ltr'>recepitque</span> <span class='ocrx_word' id='word_1_210' title='bbox 800 2669 828 2724; x_wconf 92' lang='lat' dir='ltr'>in</span> <span class='ocrx_word' id='word_1_211' title='bbox 844 2669 963 2725; x_wconf 82' lang='lat' dir='ltr'>tribunal</span> <span class='ocrx_word' id='word_1_212' title='bbox 998 2670 1064 2725; x_wconf 78' lang='lat' dir='ltr'>&#39;Purn</span> 
     </span>
     <span class='ocr_line' id='line_1_32' title="bbox 269 2745 1066 2818; baseline 0.004 -18"><span class='ocrx_word' id='word_1_213' title='bbox 269 2745 371 2801; x_wconf 86' lang='lat' dir='ltr'>fatalem</span> <span class='ocrx_word' id='word_1_214' title='bbox 386 2746 517 2817; x_wconf 88' lang='lat' dir='ltr'>increpans</span> <span class='ocrx_word' id='word_1_215' title='bbox 533 2746 635 2813; x_wconf 89' lang='lat' dir='ltr'>rabiem,</span> <span class='ocrx_word' id='word_1_216' title='bbox 651 2766 733 2818; x_wconf 91' lang='lat' dir='ltr'>neque</span> <span class='ocrx_word' id='word_1_217' title='bbox 748 2747 857 2802; x_wconf 89' lang='lat' dir='ltr'>rnilitum</span> <span class='ocrx_word' id='word_1_218' title='bbox 874 2747 919 2803; x_wconf 91' lang='lat' dir='ltr'>sed</span> <span class='ocrx_word' id='word_1_219' title='bbox 935 2747 1011 2803; x_wconf 90' lang='lat' dir='ltr'>deum</span> <span class='ocrx_word' id='word_1_220' title='bbox 1026 2749 1066 2804; x_wconf 88' lang='lat' dir='ltr'>ira</span> 
     </span>
     <span class='ocr_line' id='line_1_33' title="bbox 269 2823 1064 2897; baseline 0.001 -19"><span class='ocrx_word' id='word_1_221' title='bbox 269 2840 409 2896; x_wconf 82' lang='lat' dir='ltr'>resurgere,</span> <span class='ocrx_word' id='word_1_222' title='bbox 433 2842 479 2880; x_wconf 89' lang='lat' dir='ltr'>cur</span> <span class='ocrx_word' id='word_1_223' title='bbox 502 2823 618 2879; x_wconf 73' lang='lat' dir='ltr'>veneunt</span> <span class='ocrx_word' id='word_1_224' title='bbox 642 2824 720 2895; x_wconf 88' lang='lat' dir='ltr'>legati</span> <span class='ocrx_word' id='word_1_225' title='bbox 743 2825 839 2896; x_wconf 82' lang='lat' dir='ltr'>aperit3</span> <span class='ocrx_word' id='word_1_226' title='bbox 855 2825 898 2896; x_wconf 86' lang='lat' dir='ltr'>jus</span> <span class='ocrx_word' id='word_1_227' title='bbox 921 2824 1064 2897; x_wconf 82' lang='lat' dir='ltr'>legationis,</span> 
     </span>
     <span class='ocr_line' id='line_1_34' title="bbox 270 2901 1065 2973; baseline 0.004 -18"><span class='ocrx_word' id='word_1_228' title='bbox 270 2907 346 2972; x_wconf 89' lang='lat' dir='ltr'>atque</span> <span class='ocrx_word' id='word_1_229' title='bbox 358 2902 437 2973; x_wconf 91' lang='lat' dir='ltr'>ipsius</span> <span class='ocrx_word' id='word_1_230' title='bbox 452 2901 538 2956; x_wconf 88' lang='lat' dir='ltr'>Planci</span> <span class='ocrx_word' id='word_1_231' title='bbox 549 2920 650 2973; x_wconf 70' lang='lat' dir='ltr'>greum</span> <span class='ocrx_word' id='word_1_232' title='bbox 670 2906 697 2956; x_wconf 90' lang='lat' dir='ltr'>et</span> <span class='ocrx_word' id='word_1_233' title='bbox 712 2902 866 2957; x_wconf 89' lang='lat' dir='ltr'>immeritum</span> <span class='ocrx_word' id='word_1_234' title='bbox 882 2921 976 2971; x_wconf 74' lang='lat' dir='ltr'>msam,</span> <span class='ocrx_word' id='word_1_235' title='bbox 989 2903 1065 2958; x_wconf 89' lang='lat' dir='ltr'>simul</span> 
     </span>
     <span class='ocr_line' id='line_1_35' title="bbox 270 2978 1065 3051; baseline 0 -15"><span class='ocrx_word' id='word_1_236' title='bbox 270 2984 390 3051; x_wconf 84' lang='lat' dir='ltr'>quantum</span> <span class='ocrx_word' id='word_1_237' title='bbox 404 2980 533 3035; x_wconf 88' lang='lat' dir='ltr'>dedecoris</span> <span class='ocrx_word' id='word_1_238' title='bbox 545 2978 635 3034; x_wconf 85' lang='lat' dir='ltr'>adierit</span> <span class='ocrx_word' id='word_1_239' title='bbox 650 2978 724 3050; x_wconf 86' lang='lat' dir='ltr'>legio,</span> <span class='ocrx_word' id='word_1_240' title='bbox 736 2978 845 3036; x_wconf 81' lang='lat' dir='ltr'>facunde</span> <span class='ocrx_word' id='word_1_241' title='bbox 860 2980 1009 3045; x_wconf 61' lang='lat' dir='ltr'>miseratum</span> <span class='ocrx_word' id='word_1_242' title='bbox 1027 2985 1065 3036; x_wconf 83' lang='lat' dir='ltr'>at·</span> 
     </span>
    </p>
   </div>
   <div class='ocr_carea' id='block_1_3' title="bbox 0 0 1280 3500">
    <p class='ocr_par' dir='ltr' id='par_1_3' title="bbox 0 0 1280 3500">
     <span class='ocr_line' id='line_1_36' title="bbox 0 0 1280 3500; baseline 0 0"><span class='ocrx_word' id='word_1_243' title='bbox 0 0 1280 3500; x_wconf 95' lang='lat' dir='ltr'> </span> 
     </span>
    </p>
   </div>
  </div>
 </body>
</html>
