2550 3500
422 385 617 433 ANNALIUM
635 387 682 434 Xl.
695 386 782 433 8—ll.
951 389 999 435 219

204 449 230 486 A.
242 446 267 485 D.
277 446 328 551 dig,

203 498 231 550 ui
245 516 260 551 a
276 498 311 551 Vi
329 496 353 550 io
371 497 458 552 Marso
476 498 555 569 Syria
566 498 659 570 legato,
672 498 765 552 bellum
779 497 919 562 minitante,
933 498 1000 551 cohi·

203 572 275 629 bitus
293 574 369 629 foret.
405 576 492 645 Atque
515 576 616 629 interim
638 576 759 630 Gotarzes
778 575 925 646 paenitentia
942 582 1021 629 con-2

204 651 271 705 cessi
283 652 364 722 regni,
377 656 404 707 ct
416 656 522 707 vocante
533 652 672 716 nobilitate,
685 653 726 707 cni
738 653 765 707 in
776 671 837 723 pace
850 652 937 706 durius
949 671 999 706 ser-

203 728 297 782 vitium
315 732 363 793 est,
382 730 509 783 contrabit
522 730 614 801 copias.
649 731 685 785 Et
702 730 762 785 hnic
779 730 949 784 contraitum
967 730 1022 784 adt

203 824 305 859 amnem
322 805 451 873 Eundem
469 806 497 861 in
509 808 582 879 cujus
599 811 762 879 transgressu
771 807 886 861 multum
902 811 999 861 certato

202 882 313 953 pervicit
324 882 463 949 Vardanes,
477 884 655 956 prosperisque
673 885 765 955 praeliis
777 884 872 939 medias
884 885 999 939 nationes

204 960 307 1031 subegit
320 959 352 1014 ad
363 961 458 1016 flumen
471 962 571 1028 Sinden,
586 962 654 1033 quod
669 963 756 1017 Dahas
768 963 893 1032 Ariosque
910 960 999 1015 dister-

203 1037 293 1091 minat,
329 1037 372 1092 Ibi
382 1038 472 1093 modus
479 1039 555 1094 rebus
568 1039 686 1094 secundis
696 1040 811 1110 positus:
830 1058 889 1094 nam
900 1038 1023 1104 Parthia

204 1132 350 1185 quanquam
361 1114 478 1181 uictores,
492 1116 655 1188 longinquam
664 1116 780 1171 militiam
792 1116 998 1187 aspernabantur.

204 1191 293 1262 Igitur
313 1192 438 1247 extructis
458 1194 637 1259 monumentis,
656 1194 749 1264 quibus
765 1212 826 1265 opes
845 1212 903 1248 suas
920 1197 1022 1247 testa-5

203 1269 282 1324 batur
301 1288 349 1324 uec
370 1270 487 1341 cuiqnam
507 1276 566 1326 ante
585 1272 765 1326 Arsacidarum
782 1272 881 1327 tributa
899 1272 948 1326 illis
968 1272 1000 1327 de

135 1342 136 1371 l
203 1346 324 1418 gentibus
336 1350 416 1417 parta,
433 1348 577 1419 regreditur
596 1350 687 1420 ingens
704 1349 790 1420 gloria,
804 1354 880 1419 atque
892 1367 922 1403 eo
934 1350 1000 1403 fero·

203 1425 258 1479 cior
270 1428 297 1479 et
313 1424 435 1495 subjectis
452 1426 627 1481 intolerantior
639 1448 647 1491 ;
665 1428 709 1497 qui
720 1426 777 1481 dolo
790 1433 848 1481 ante
861 1427 999 1497 composito

203 1503 336 1555 incautum
359 1502 536 1573 venationique
561 1504 688 1558 intentum
711 1503 868 1568 interfecere,
893 1504 1000 1574 primam

202 1578 273 1633 intra
287 1578 426 1649 juventam,
440 1579 485 1634 sed
501 1580 650 1636 claritudine
666 1598 760 1651 paucos
774 1580 842 1635 inter
857 1599 944 1635 senum
961 1599 1000 1635 re-

202 1674 273 1727 gum,
287 1656 310 1710 si
325 1656 429 1727 perinde
446 1676 556 1712 amorem
574 1658 642 1713 inter
657 1658 790 1730 populures
809 1677 885 1729 quam
902 1662 999 1713 metum

203 1733 277 1804 apud
284 1733 370 1789 hostes
383 1735 550 1806 quasivisset.
587 1736 660 1792 Nece
671 1735 797 1791 Vardanis
809 1735 919 1791 turbata
936 1736 1020 1792 Par-6

202 1812 308 1865 thorum
320 1830 360 1866 res
372 1811 440 1866 iuter
452 1813 590 1884 ambiguos,
605 1814 661 1884 quis
673 1814 701 1869 in
715 1833 821 1886 regnum
834 1814 997 1885 acciperetur.

202 1888 284 1943 Multi
302 1887 334 1942 ad
349 1889 475 1944 Gotarzen
491 1890 653 1957 inclinabant,
667 1891 768 1962 quidam
783 1891 815 1945 ad
830 1891 1021 1950 Meherdaten?

201 1965 299 2036 prolem
311 1965 455 2032 Phrabatis,
464 1967 562 2023 obsidio
573 1968 646 2022 nobis
655 1968 751 2023 datum.
786 1969 855 2023 Dein
865 1968 998 2040 prevaluit

203 2043 334 2097 Gotarzes.
371 2043 525 2116 Potitusque
542 2045 646 2116 regiam,
662 2063 708 2116 per
725 2045 847 2100 saevitiam
864 2064 894 2099 ac
909 2045 1019 2100 luxum8

202 2119 290 2191 adegit
302 2119 411 2176 Parthos
424 2121 526 2177 mittere
535 2122 567 2176 ad
578 2123 716 2194 principem
729 2123 873 2177 Romanum
885 2121 997 2176 occultas

202 2215 299 2269 preces,
313 2199 372 2268 quis
390 2199 505 2270 permitti
516 2199 685 2254 Meherdaten
700 2200 811 2270 patrium
823 2198 855 2253 ad
866 2199 997 2270 fastigium

202 2274 318 2329 orabant.

135 2383 136 2392 κ
238 2351 323 2406 Isdem
342 2352 487 2408 consulibus
499 2351 553 2408 ludi
569 2352 693 2408 seculares
709 2352 920 2423 octingentesimo
936 2353 1038 2423 postll

202 2429 313 2484 Romam
325 2429 459 2495 conditam,
469 2434 560 2501 quarto
572 2434 598 2485 et
611 2430 768 2501 sexagesimo
780 2447 854 2500 quam
862 2432 996 2501 Augustus
1142 2400 1144 2487 l

135 2511 137 2554 l
202 2505 325 2572 ediderat,
346 2509 455 2577 spectati
476 2511 544 2562 sunt.
580 2507 725 2577 Utriusque
747 2506 867 2578 principis
885 2508 1018 2563 rationes2

200 2583 379 2656 praetermitto,
393 2583 454 2638 satis
466 2589 581 2638 narratae
593 2583 665 2638 libris
680 2583 772 2654 quibus
784 2603 825 2638 res
836 2585 996 2654 imperatoris

201 2660 345 2716 Domitiani
354 2661 490 2732 composui.
527 2662 594 2716 Nam
607 2662 629 2716 is
642 2679 742 2732 quoque
751 2661 830 2716 edidit
841 2662 914 2716 ludos
926 2669 1018 2716 secu-3

201 2738 275 2802 lares,
294 2737 376 2808 iisque
394 2738 517 2792 intentius
536 2739 604 2804 affui,
623 2738 764 2793 sacerdotio
782 2738 997 2809 quindecimvirali

202 2813 325 2886 preditus
341 2832 370 2868 ac
387 2819 450 2869 tune
468 2819 569 2886 praetor.
606 2815 683 2874 Quod
700 2834 752 2870 non
765 2816 888 2887 jactantia
905 2815 1019 2880 referet

135 2933 136 2938 η
202 2889 248 2946 sed
261 2891 320 2961 quia
332 2891 437 2963 collegio
454 2892 680 2962 quindecimvirfim
692 2893 833 2964 antiquitus
846 2910 876 2946 ea
887 2909 954 2954 cura,
968 2896 994 2945 et

201 2967 368 3042 magistratus
387 2969 548 3040 potissimum
571 2970 761 3042 exequebantur
783 2968 864 3024 officia
887 2967 996 3022 cadmo-
