2550 3500
187 454 207 489 A
226 450 245 489 D
261 450 303 500 ⁵9]
382 387 456 436 Tne.
474 388 606 437 ANNAL.
622 388 695 437 xlv,
713 391 781 438 1-3.
932 393 978 439 303

186 500 358 565 incalesceret,
371 500 473 555 offerret
489 518 517 555 se
533 500 624 572 sapius
641 500 790 568 temulento,
809 503 935 573 comptam
951 504 978 557 et

187 578 286 633 incesto
297 583 418 649 paratam.
454 578 562 649 Jamque
576 577 670 635 lasciva
686 579 772 635 oscula
785 582 812 634 et
823 579 1003 650 praenuntiosz

188 654 279 727 flagitii
296 654 429 710 blanditias
444 655 623 711 annotantibus
639 657 768 728 proximis,
786 656 906 712 Senecam
920 675 978 712 con·

188 734 230 786 tra
246 731 381 787 muliebres
399 731 532 787 illecebras
545 732 685 788 subsidium
703 752 719 788 a
737 734 831 789 femina
848 733 976 805 petivisse,

137 854 139 873 ,
188 809 376 879 immissamque
385 809 468 863 Acten
479 808 603 875 libertam,
614 830 678 881 quae,
687 810 762 865 simul
770 828 817 866 suo
829 810 940 881 periculo
951 815 978 866 et

187 885 292 941 infamia
303 886 413 941 Neronis
425 885 506 951 anxia,
519 885 629 942 deferret
646 887 822 958 pervulgatum
833 906 889 943 csse
899 887 979 943 inces-

188 966 244 1018 tum
265 962 390 1034 gloriante
409 967 498 1029 matre,
522 982 570 1019 nec
592 964 745 1019 toleraturos
767 964 861 1020 milites
879 965 979 1036 profani

188 1038 309 1110 principis
328 1039 468 1110 imperium.
504 1039 598 1095 Fabius
616 1040 741 1096 Rusticus
761 1060 812 1096 non
831 1041 1002 1114 Agrippinaet

189 1116 235 1171 sed
253 1116 353 1171 Neroni
370 1117 484 1188 cupitum
505 1116 532 1171 id
550 1122 680 1183 memorat,
699 1118 862 1190 ejusdemque
881 1118 978 1174 libertas

189 1197 249 1248 astu
257 1192 397 1263 disjectum.
434 1192 484 1248 Sed
495 1212 551 1265 qnae
563 1194 678 1260 Cluvius,
691 1195 778 1250 eadem
789 1196 868 1251 oeteri
879 1202 1004 1268 quoqued

189 1274 306 1325 auctores
325 1269 464 1340 prodidere,
483 1275 509 1325 et
525 1272 593 1325 fama
609 1272 661 1327 huc
677 1272 789 1338 inclinat,
802 1290 848 1328 seu
863 1274 979 1345 concepit

190 1346 273 1402 animo
296 1349 397 1401 tantum
416 1347 580 1403 immunitatis
600 1349 750 1420 Agrippina,
770 1368 817 1404 aen
836 1349 979 1406 credibilior

189 1440 263 1479 novae
275 1423 385 1479 libidinis
397 1424 528 1479 meditatio
543 1426 570 1480 in
582 1444 612 1480 ea
627 1426 683 1481 visa
697 1430 745 1491 ost,
758 1444 814 1496 que
825 1426 979 1497 puellaribus

190 1501 264 1557 annis
276 1504 393 1572 stuprum
405 1520 463 1556 eum
474 1502 573 1573 Lepido
585 1521 630 1573 spe
642 1503 820 1558 dominationis
834 1502 977 1571 admiserat,

137 1602 138 1649 j
189 1579 245 1650 pari
262 1578 380 1650 cupidine
397 1597 478 1651 usque
499 1578 532 1634 ad
552 1579 624 1635 libita
644 1580 767 1635 Pallantis
789 1580 929 1652 provoluta,
951 1586 978 1638 et

138 2373 140 2460 l

190 1657 301 1712 exercita
312 1656 344 1711 ad
356 1674 430 1711 omne
441 1656 567 1729 flagitium
575 1657 662 1727 patrui
669 1657 774 1728 nuptiis.
809 1657 895 1730 Igitur
906 1658 977 1715 Nero
987 1665 1005 1719 8

189 1734 270 1790 vitare
282 1738 393 1790 secretos
406 1734 460 1808 ejus
477 1752 634 1807 congressus,
654 1734 831 1792 abscedentem
846 1735 875 1792 in
889 1736 977 1794 hortos

190 1816 235 1866 aut
246 1812 417 1868 linculanum
432 1811 473 1868 vel
486 1813 617 1868 Antiatem
632 1811 661 1867 in
676 1831 765 1885 agrum
782 1813 892 1881 laudare,
909 1815 977 1887 quod

190 1890 271 1944 otium
282 1889 423 1945 lacesseret.
452 1890 593 1956 Postremo,
604 1890 749 1962 ubicmque
760 1891 903 1958 haberetur,
915 1905 1001 1964 praet

190 1985 293 2038 gravem
312 1971 392 2033 ratus,
413 1967 554 2023 interficere
578 1968 720 2034 constituit,
739 1969 862 2025 hactenus
879 1970 979 2026 constil-

190 2047 257 2108 tans,
280 2061 376 2098 veneno
399 2063 432 2099 an
454 2047 523 2099 ferro
545 2044 587 2100 vel
609 2064 660 2116 qua
682 2045 732 2100 alia
753 2046 787 2101 vi.
828 2046 1001 2119 Placuitquet

190 2120 272 2192 primo
283 2138 421 2176 venenum:
440 2121 486 2176 sed
501 2122 568 2176 inter
584 2122 671 2192 epulas
687 2123 809 2193 principis
827 2123 850 2178 si
867 2123 976 2190 daretur,

190 2197 279 2253 referri
290 2196 322 2252 ad
334 2215 419 2253 casum
430 2217 482 2253 non
493 2202 594 2269 poterat
603 2199 652 2266 tali
667 2199 721 2270 jam
731 2199 873 2255 Britannici
884 2201 962 2256 exitio
968 2224 977 2269 ς

190 2279 217 2330 et
237 2275 366 2330 ministros
389 2279 490 2331 tentare
513 2275 619 2330 arduum
642 2275 777 2331 uidebatur
796 2277 908 2333 mulieris
927 2297 976 2334 usu

190 2352 312 2408 scelerum
335 2353 455 2408 adversus
476 2352 580 2407 insidias
598 2353 722 2420 intentae3
745 2358 822 2425 atque
841 2354 896 2426 ipsa
915 2374 977 2427 prae·

190 2429 311 2486 sumendo
322 2430 433 2485 remedia
447 2430 573 2485 munierat
588 2447 687 2501 corpus.
730 2429 836 2486 Ferrum
853 2436 879 2488 et
895 2432 1003 2490 cadesa

190 2525 298 2579 quonam
320 2506 395 2562 modo
418 2507 596 2576 occultaretur,
617 2525 691 2562 nemo
714 2508 871 2579 reperiebat3
896 2514 923 2566 et
942 2530 975 2567 ne

190 2585 246 2656 quis
258 2583 295 2638 illi
306 2587 379 2638 tanto
395 2583 499 2639 facinori
516 2583 628 2639 delectus
642 2584 714 2654 jussa
729 2592 866 2656 sperneret,
878 2593 975 2644 metue·

190 2662 258 2718 bant.
295 2660 396 2716 Obtulit
412 2661 541 2732 ingenium
553 2661 677 2717 Anicetus
692 2661 806 2729 libertus,
819 2663 892 2720 classi
908 2664 997 2737 apudo

189 2740 318 2795 Misenum
337 2738 472 2810 prefectus
493 2742 519 2794 et
540 2739 655 2810 pueritie
674 2739 784 2797 Neronis
805 2741 926 2798 educator
945 2762 975 2799 ac

189 2818 285 2872 mutuis
308 2815 372 2872 odiis
393 2815 540 2888 Agrippinae
560 2817 665 2873 inuisus.
700 2817 770 2891 Ergo
791 2837 879 2875 nauem
898 2832 997 2889 posset

190 2893 305 2966 componi
320 2892 402 2959 docet,
415 2893 489 2964 cujus
506 2911 563 2964 pars
581 2894 636 2964 ipso
653 2895 680 2949 in
697 2896 760 2950 mari
777 2914 822 2967 per
839 2899 919 2950 artem
935 2915 975 2952 so·

190 2973 245 3028 luta
259 2970 400 3028 effunderet
415 2970 537 3044 ignaram.
572 2971 646 3028 Nihil
656 2976 710 3028 tam
721 2991 800 3045 capax
811 2972 997 3042 fortuitorum
