2550 3500
275 354 323 403 356
613 360 733 409 TACITI
907 423 935 472 [A
952 423 1006 463 Uo
1024 425 1063 467 81⁷

256 489 258 493 ’
278 468 350 523 dium
361 469 436 541 plana
446 471 564 543 primum,
578 470 668 527 deinde
680 473 708 529 in
716 472 785 528 edita
793 491 937 545 assurgens,
946 480 972 529 et
980 494 1072 530 rursus

279 545 399 602 inferiora
416 549 568 620 populando,
585 550 676 605 anteiit
693 550 803 607 remedia
817 550 952 606 velocitate
967 552 1029 607 mali
1046 558 1074 607 et

280 622 389 680 obnoxia
406 626 470 681 urbe
490 627 567 683 arctis
588 627 722 683 itineribus
743 628 843 700 hucque
863 633 890 683 et
908 628 969 683 illuc
989 630 1072 695 flexis,

256 698 358 772 ⁵atque
377 704 521 760 enormibus
539 705 610 771 vicis,
632 705 713 777 qualis
733 709 809 761 vetus
832 706 916 761 Roma
935 706 994 761 fuit.
1030 706 1076 762 Ad

281 778 331 835 hoc
348 780 459 838 lamenta
476 783 625 854 paventium
647 783 798 839 feminarum
815 783 884 839 fessa
902 784 1003 855 [aetate]
1028 788 1075 839 aut

280 857 353 913 rudis
373 860 489 931 pueritiae
507 868 577 927 atas,
596 861 691 933 quique
708 861 757 917 sibi
775 862 868 933 quique
886 862 942 917 aiiis
960 861 1075 917 consule·

282 932 352 1001 bant,
363 934 424 991 dum
435 937 541 993 trahunt
552 938 675 994 invalidos
687 942 732 993 ant
744 939 917 1010 opperiuntur,
928 957 987 1010 pars
994 957 1074 1005 mora,

259 1016 341 1083 dpars
353 1013 483 1081 festinans,
496 1018 589 1071 cuncta
606 1015 784 1086 impediebant.
820 1016 856 1071 Et
874 1034 948 1087 sape,
968 1015 1030 1071 dnm
1048 1017 1076 1071 in

283 1097 386 1165 tergum
405 1098 559 1165 respectant,
578 1088 701 1150 lateribus
720 1097 765 1149 aut
788 1093 873 1149 fronte
897 1093 1075 1149 circumvenie-

284 1170 392 1237 bantur3
410 1171 452 1227 vel
469 1172 492 1228 si
507 1171 536 1227 in
551 1172 667 1244 proxima
681 1174 821 1239 evaserant,
840 1170 890 1226 illis
906 1189 1007 1242 quoqne
1021 1170 1076 1243 igni

285 1248 417 1319 correptis,
439 1249 516 1304 ctiam
536 1268 593 1321 quaa
613 1248 752 1321 longinqua
768 1247 928 1305 crediderant
943 1249 971 1304 in
986 1248 1076 1304 eodem

261 1330 348 1384 ceusu
358 1325 556 1397 reperiebantur.
592 1327 734 1392 Postremo,
753 1325 813 1397 quid
828 1326 939 1381 vitarent
958 1324 1020 1395 qnid
1034 1344 1076 1397 pe·

285 1406 371 1458 terent
383 1402 502 1475 ambigui,
512 1402 638 1475 complere
646 1402 707 1469 vias,
716 1402 797 1458 sterni
808 1421 853 1475 per
865 1421 954 1475 agros;
973 1402 1077 1474 quidam

287 1480 385 1535 arensis
408 1480 525 1535 omnibus
548 1480 666 1546 fortunis,
692 1479 777 1535 diurni
800 1498 900 1551 quoque
918 1480 1009 1545 victum
1035 1478 1078 1535 alii

287 1557 394 1612 caritme
416 1575 528 1623 suornm,
553 1576 617 1629 quos
642 1557 739 1629 eripere
761 1558 937 1628 nequiverant,
962 1556 1077 1629 quamvis
1141 1624 1142 1629 Ἰ

263 1637 392 1705 epatcnte
415 1634 509 1706 effugio
531 1635 659 1690 interiere.
704 1634 761 1689 Nec
785 1634 919 1705 quisquam
943 1633 1078 1689 defendere

288 1710 404 1779 audebat,
418 1712 512 1769 crebris
524 1712 663 1768 multorum
678 1711 754 1768 minis
771 1712 930 1785 restinguere
945 1712 1078 1785 prohiben-

287 1789 361 1854 tium,
374 1793 401 1844 et
413 1791 473 1861 quia
484 1789 526 1844 alii
542 1790 625 1860 palam
639 1790 708 1846 faces
721 1790 849 1862 jaciebant
863 1795 940 1862 atque
956 1809 1013 1846 esse
1031 1789 1080 1845 sibi

289 1870 418 1922 auctorem
436 1866 648 1933 vociferabantur,
669 1867 722 1923 sive
742 1871 773 1922 ut
791 1873 880 1938 raptus
898 1867 1017 1923 licentius
1038 1886 1081 1922 ex-

243 1947 412 2010 89ercerent,
425 1961 471 1998 seu
480 1943 563 2014 jussu.
597 1944 638 2000 Eo
650 1944 803 2016 intempore
821 1945 892 2000 Nero
910 1945 984 2000 Antii
1002 1963 1081 2017 agens

290 2040 343 2076 non
353 2025 413 2077 ante
423 2020 452 2076 in
462 2020 552 2076 urbem
562 2039 695 2091 regressus
708 2027 748 2077 est
760 2040 836 2093 quam
848 2021 934 2076 domui
948 2022 1012 2093 ejus,
1031 2039 1083 2093 qna

290 2098 413 2170 palatium
424 2101 451 2154 et
462 2098 611 2153 Macenatia
622 2099 711 2154 hortos
728 2099 927 2174 continuaverat,
941 2099 1009 2171 ignis
1025 2118 1082 2171 pro

268 2176 432 2247 apinquaret.
468 2175 561 2247 Neque
572 2179 659 2230 tamen
670 2175 728 2231 sisti
739 2175 831 2248 potuit,
844 2178 906 2247 quin
917 2180 944 2230 et
960 2176 1083 2247 palatium

292 2260 319 2308 et
331 2253 420 2308 domus
432 2255 459 2308 et
476 2257 569 2309 cuncta
580 2253 675 2308 circum
692 2253 862 2308 haurirentur.
899 2252 949 2308 Sed
963 2253 1084 2308 solatium

291 2329 385 2402 populo
397 2329 535 2385 exturbato
547 2348 577 2385 ac
587 2330 697 2402 profugo
709 2347 826 2401 campum
837 2329 932 2385 Martis
948 2348 978 2385 ac
995 2349 1084 2385 monn-

291 2411 379 2462 menta
400 2408 527 2479 Agrippa,
549 2407 638 2463 hortos
660 2407 721 2479 quin
741 2408 818 2462 etiam
837 2425 897 2462 suos
912 2407 1042 2478 patefecit,
1057 2412 1084 2463 et

293 2483 416 2540 subitaria
433 2485 538 2541 [edificia
556 2485 678 2550 extruxit,
698 2503 754 2556 qua
774 2484 964 2540 multitudinem
982 2486 1086 2558 inopem

293 2564 451 2634 acciperent;
468 2565 641 2636 subvectaque
658 2563 778 2620 utensilia
799 2565 831 2620 ab
849 2565 924 2620 Ostia
941 2567 968 2620 et
984 2566 1086 2637 propin-

294 2641 351 2712 quia
371 2640 521 2712 municipiis,
543 2643 704 2714 pretiumque
719 2641 842 2698 finmemi
859 2643 986 2698 minutum
1003 2661 1086 2714 usqne

271 2717 328 2773 aad
350 2721 437 2773 ternos
460 2737 585 2775 nummos.
629 2721 704 2786 Qua,
729 2738 873 2792 quanquam
895 2721 1033 2792 popularia,
1058 2721 1087 2776 in

293 2795 395 2850 irritum
407 2793 548 2861 cadebant;
567 2797 626 2868 quia
637 2801 783 2868 pervaserat
799 2817 886 2854 rumor
899 2798 954 2869 ipso
970 2802 1086 2869 tempora

293 2871 425 2942 flagrantis
445 2871 515 2928 urbis
534 2874 614 2929 inisse
633 2893 692 2930 eum
707 2875 870 2931 domesticam
889 2893 989 2932 scenam
1002 2880 1029 2932 et
1045 2894 1088 2932 oe-

293 2947 386 3004 cinisaa
406 2949 546 3021 ibojanum
568 2951 703 3019 cumdium,
728 2954 864 3024 prasentia
886 2953 952 3009 mala
974 2953 1088 3010 vetustis
