2550 3500
183 428 211 463 A„
222 422 247 463 D.
258 424 288 465 aa
391 362 586 411 ANNALIUM
604 364 649 411 vl.
667 364 771 414 23-27.
931 364 976 413 197

182 480 270 529 morte
290 426 325 528 id
349 474 452 529 tedium
476 475 535 529 vitae
559 476 721 545 compulsam.
762 474 813 529 Sed
835 474 1001 545 Agrippinas

182 552 252 621 aequi
265 552 406 623 impatiens,
420 551 565 606 dominandi
577 552 657 617 avida,
670 553 785 608 virilibus
795 553 862 607 euris
874 553 977 619 femina-

182 648 242 683 rum
255 630 319 683 vitia
330 637 442 683 exuerat.
479 628 576 683 Eodem
588 629 628 684 die
641 630 795 694 defimetam,
809 648 859 701 quo
875 629 1002 685 bienni04

182 713 246 760 ante
259 706 366 777 Sejanus
377 724 463 777 paenas
475 706 573 774 luisset,
585 708 761 778 memoriaque
777 706 802 761 id
821 706 977 778 prodendum

182 782 284 837 addidit
297 784 389 849 Caesar,
401 784 557 855 jactavitque
570 784 636 855 quod
649 803 701 838 non
711 785 801 856 laqueo
819 784 977 855 strangulata

182 878 269 931 neque
281 861 308 915 in
321 861 455 915 Gemonias
472 862 584 933 projecta
601 862 675 916 foret.
712 866 784 916 Actae
796 861 828 917 ob
841 862 867 915 id
883 866 975 931 grates,
986 872 1000 916 5

184 938 375 1009 decretumque,
389 942 419 992 ut
432 936 674 1009 quintumdecimum
686 939 736 993 kal.
746 939 905 1004 Novembris,
916 939 977 992 utri-

183 1034 269 1085 usque
289 1016 358 1071 neeis
377 1015 425 1081 die,
442 1034 487 1087 per
504 1035 590 1071 omnes
609 1036 689 1071 anuos
708 1017 802 1071 donum
819 1017 879 1071 Jovi
896 1034 978 1071 saera-

184 1098 267 1147 retur.

221 1169 303 1226 Haud
314 1170 395 1225 multo
407 1174 465 1242 pest
481 1171 602 1225 Cocceius
621 1172 716 1236 Nerea,
734 1172 869 1226 continuus
887 1171 976 1242 prinei·
987 1177 1024 1230 26

184 1250 233 1321 pis,
248 1248 330 1303 omnia
343 1248 421 1302 divini
433 1248 584 1319 humanique
595 1250 660 1319 juris
674 1251 762 1314 sciens,
780 1251 879 1320 integro
899 1256 929 1303 st·
939 1255 976 1313 tu,

184 1344 293 1399 corpore
316 1325 402 1390 illaeso,
427 1326 551 1380 moriendi
575 1328 708 1380 eonsilium
731 1327 807 1397 cepit.
847 1326 924 1385 Quod
947 1332 1002 1379 utt

184 1403 289 1459 [liberio
314 1403 450 1474 cognitum,
475 1403 592 1467 assidere,
615 1422 704 1457 causas
729 1404 864 1473 requirere,
887 1403 978 1456 addere

184 1500 284 1553 preces
298 1480 373 1535 fateri
389 1486 518 1551 postremo
536 1499 612 1551 grave
628 1483 796 1545 eonscientiae,
812 1500 889 1552 grave
905 1482 978 1534 sama

185 1578 249 1624 auae,
267 1559 290 1613 si
306 1558 434 1629 proximus
452 1558 588 1611 amicorum
605 1558 681 1612 nullis
700 1558 822 1611 moriendi
837 1558 977 1611 rationibus

186 1638 268 1691 vitam
285 1636 393 1706 fugeret.
428 1636 568 1689 Aversatus
587 1654 727 1689 sermonem
744 1635 837 1699 Nerva,
853 1634 1002 1689 abstinent

186 1714 251 1768 tiam
264 1712 313 1768 eibi
325 1712 465 1783 conjunxit.
502 1712 626 1768 Ferebaut
635 1713 707 1783 gnari
720 1712 901 1784 cogitationum
913 1712 976 1783 ejus,

187 1797 285 1862 quanto
306 1793 409 1862 propius
424 1789 489 1844 mala
506 1791 544 1844 rei
561 1791 667 1860 publicae
685 1791 784 1855 viseret,
802 1791 841 1844 ira
856 1796 882 1845 et
899 1796 977 1856 metu,

187 1869 250 1924 dum
262 1869 368 1939 integer,
382 1867 441 1921 dum
455 1868 602 1932 intentatus,
618 1869 751 1922 honesturn
764 1869 839 1922 finem
850 1868 968 1923 voluisse.

224 1945 346 2000 Ceterum
369 1945 515 2016 Agrippinae
539 1946 670 2014 pernicies,
692 1945 760 2016 quod
783 1947 827 2000 vix
851 1945 1003 2009 credibile,4

186 2023 335 2077 Plancinam
358 2022 445 2076 traxit.
481 2021 571 2091 Nupta
594 2022 654 2075 olim
678 2022 724 2076 Cn.
737 2022 825 2076 Pisoni
845 2028 871 2076 et
894 2022 977 2093 palam

186 2101 248 2154 laeta
260 2104 341 2154 morte
354 2098 503 2163 Germanici,
517 2117 574 2152 eum
594 2099 652 2153 Piso
668 2099 777 2164 caderet,
793 2099 909 2170 precihus
925 2102 978 2153 Au-

186 2182 273 2247 gusta
291 2195 338 2231 nee
358 2178 441 2231 minus
460 2176 599 2230 inimicitiis
620 2177 768 2247 Agrippina
788 2177 891 2230 defensa
914 2182 977 2231 erat.

188 2255 228 2308 Ut
245 2253 331 2308 odium
349 2259 375 2308 et
393 2253 476 2325 gratia
492 2253 596 2317 desiere,
612 2253 655 2324 jus
671 2254 750 2307 valuit
759 2276 767 2319 ;
785 2253 916 2324 petitaque
931 2254 1003 2307 eri-5

187 2330 300 2386 minibus
329 2330 397 2385 haud
420 2330 523 2401 ignotis,
549 2349 595 2383 sua
617 2349 695 2384 manu
718 2349 776 2384 aera
798 2332 879 2402 magis
902 2350 980 2401 quam

186 2407 316 2462 immerita
328 2407 451 2477 supplicia
462 2406 591 2477 persolvit.

223 2483 274 2538 Tot
286 2483 398 2538 luctibus
410 2485 513 2538 funesta
525 2483 628 2536 civitate
640 2501 699 2554 pars
715 2483 827 2538 maeroris
845 2484 895 2539 fuit
912 2484 980 2556 quod
989 2483 1027 2544 27

186 2560 267 2625 Julia,
288 2559 368 2614 Drusi
384 2561 441 2625 lilia,
460 2560 585 2631 quondam
602 2560 713 2615 Neronis
731 2579 803 2626 uxor,
819 2561 937 2633 denupsit
953 2564 981 2618 in

187 2638 292 2692 domum
305 2637 417 2692 Rubellii
429 2637 527 2704 Blandi,
540 2637 613 2708 eujus
627 2656 702 2692 evum
718 2638 850 2708 'liburtem
869 2641 980 2711 equitem

187 2716 334 2770 Romanum
355 2714 468 2786 plerique
484 2715 658 2769 meminerant.
696 2717 819 2771 Extremo
837 2718 896 2777 anni
912 2727 1004 2772 morat

187 2792 250 2846 AElii
271 2791 368 2846 Lamia
392 2791 480 2846 funere
500 2793 614 2846 censorio
636 2793 769 2859 celebrata,
792 2794 843 2864 qui,
863 2794 980 2847 adminis-

187 2868 288 2924 trandae
301 2867 379 2940 Syriae
391 2868 500 2940 imagine
511 2869 614 2924 tandem
628 2871 753 2937 exolutus,
766 2871 824 2926 urbi
836 2873 979 2941 praefuerat.

191 2947 280 3002 Genua
299 2943 337 3001 illi
354 2945 480 3013 decorum,
497 2947 581 3002 vivida
598 2953 734 3014 senectus;
752 2953 779 3003 et
794 2966 846 3002 uon
859 2946 981 3018 prmissa
