2550 3500
306 436 335 482 16
645 429 761 477 TAClTl

935 495 971 544 [Α.
982 495 1010 534 U.
1020 497 1043 535 c.
1054 497 1098 539 tor.

303 541 432 596 Clemente
444 541 461 594 J
462 541 520 606 ulio,
535 560 578 613 qui
590 541 746 613 perferendis
758 543 868 597 militurn
881 544 1006 599 mandatis
1023 547 1100 602 habe·

280 619 378 677 libatur
387 619 494 674 idoneus
504 619 536 674 ob
548 624 693 692 promptum
702 621 839 692 ingenium.
876 622 945 686 Quin
956 623 1018 693 ipsae
1030 624 1100 679 intcr
1136 676 1138 679 .

302 715 330 751 se
347 697 458 768 legiones
477 701 566 752 octava
583 701 610 752 et
629 698 719 768 quinta
736 698 834 753 decima
850 698 946 753 ferrum
964 700 1097 771 parabant,
1136 710 1138 735 ¹

301 773 363 828 dum
380 775 554 830 centurionem
572 779 739 846 cognomento
758 776 883 847 Sirpicum
901 776 945 831 illa
960 779 1038 832 morti
1055 789 1099 834 de·

300 855 391 925 poscit,
403 855 615 926 quintadecimani
626 859 740 921 tuentur,
752 857 780 910 ni
789 857 860 911 miles
872 875 987 912 nonanus
999 877 1096 929 preces,

300 935 326 986 et
339 931 471 987 adversum
484 937 646 1004 aspernantes
658 934 746 999 minas,
759 933 936 1005 interjecisset.

255 1016 293 1070 24
334 1009 399 1065 Haeo
411 1010 504 1076 audita,
518 1029 669 1082 quamquam
682 1011 827 1066 abstmsum
836 1015 863 1066 et
875 1012 1021 1067 tristissima
1030 1033 1098 1085 quae-

299 1106 348 1158 que
357 1087 465 1142 maxime
474 1088 652 1154 occultantem,
658 1089 785 1144 'liberium
795 1089 972 1160 perpulerant
980 1091 1097 1148 Drusum

298 1164 378 1220 filium
402 1183 460 1220 cum
483 1165 635 1236 primoribus
661 1166 773 1222 civitatis
797 1166 945 1238 duabusque
968 1171 1097 1238 praetoriis

298 1242 445 1298 cohortibus
463 1243 585 1308 mitteret,
602 1243 679 1298 nullis
696 1245 758 1298 satis
776 1245 853 1299 certis
867 1243 1000 1310 mandatis,
1016 1265 1050 1301 ex
1067 1267 1097 1302 re

277 1319 481 1376 2consulturum.
518 1321 554 1374 Et
567 1321 685 1376 cohortes
694 1321 793 1376 delecto
804 1322 885 1376 milite
900 1341 978 1392 snpra
990 1323 1097 1380 solitum

277 1396 410 1452 3fi1matae.
447 1397 559 1452 Additur
574 1417 667 1470 magna
677 1417 736 1469 pars
753 1399 898 1470 praetoriani
910 1399 1003 1470 equitis
1016 1403 1043 1455 et
1055 1421 1096 1456 ro-

297 1473 360 1530 bora
370 1475 559 1540 Germanorum,
571 1475 680 1545 quitum
690 1476 809 1532 custodes
818 1477 965 1548 imperatori
974 1477 1094 1546 aderant3

298 1552 372 1608 simul
391 1553 503 1623 praetorii
520 1553 656 1624 praelectus
672 1553 756 1608 AElius
775 1554 889 1624 Sejanus,
908 1553 1005 1625 collega
1023 1556 1096 1610 Stra·

297 1628 359 1685 boni
370 1631 438 1702 patri
447 1649 493 1684 suo
506 1629 588 1695 datus,
601 1649 693 1702 magna
709 1631 776 1702 apud
787 1631 917 1686 'liberium
929 1633 1093 1700 auctoritate,

297 1711 383 1763 rector
404 1707 499 1780 juveni,
525 1711 551 1763 et
576 1708 667 1765 ceteris
688 1709 856 1780 periculorum
880 1709 1094 1782 praemiorumque

272 1789 446 1847 40stentator.
483 1786 570 1841 Druso
593 1786 782 1857 propinquanti,
807 1788 880 1858 qnasi
903 1805 949 1857 per
972 1788 1092 1856 officium,

297 1862 378 1918 obviae
390 1863 461 1918 luere
473 1863 593 1935 legiones,
607 1882 659 1917 non
669 1863 741 1929 laeta,
755 1868 785 1919 ut
802 1864 906 1930 adsolet,
919 1882 1003 1933 neque
1014 1865 1095 1938 insig-

295 1942 369 1997 nibus
382 1941 516 2013 fulgentes,
531 1941 576 1996 sed
587 1942 674 1997 illuvie
686 1942 792 1997 deformi
804 1947 831 1998 et
843 1944 924 2008 mlta,
938 1960 1093 2015 quamquam

293 2019 440 2074 moestitiam
448 2020 616 2086 imitarentur,
631 2020 796 2075 contumacia
807 2021 945 2092 propiores.

247 2104 284 2157 25
328 2097 466 2167 Postquam
480 2097 574 2153 vallum
589 2097 696 2162 introiit,
708 2101 795 2168 portas
812 2098 964 2155 stationibus
979 2100 1093 2177 firmant,

292 2174 381 2246 globos
402 2177 556 2229 armatorum
579 2175 656 2230 certis
677 2178 817 2230 castrorum
837 2175 899 2232 locis
919 2178 1031 2249 opperiri
1049 2179 1093 2250 ju·

292 2251 368 2307 bent:
400 2252 478 2308 ceteri
500 2252 612 2307 tribunal
634 2252 734 2325 ingenti
756 2254 856 2325 agmine
880 2254 1092 2315 circumveniunt.

269 2330 384 2385 astabat
401 2330 511 2395 Drusus,
525 2330 653 2385 silentium
669 2348 746 2384 manu
762 2348 876 2401 poscens.
910 2332 954 2387 Illi
971 2334 1091 2404 quotiens

292 2408 378 2463 oculos
391 2406 421 2461 ad
438 2406 626 2462 multitudinem
642 2407 802 2473 rettulerant,
814 2408 919 2464 vocibus
935 2410 1090 2468 truculentis

291 2494 411 2562 strepere,
424 2508 526 2544 rursum
537 2489 592 2544 viso
605 2488 705 2544 Oaesare
716 2488 843 2559 trepidare
855 2508 862 2554 ;
880 2507 995 2543 mmmm
1008 2490 1090 2545 incer-

290 2571 354 2633 tum,
368 2571 442 2623 atrox
453 2566 546 2622 clamor
558 2569 585 2621 et
596 2571 701 2637 repente
714 2565 802 2637 quies3
821 2565 927 2621 diversis
945 2566 1089 2623 animorum

268 2646 401 2703 amotibus
413 2644 538 2717 pavebant
547 2644 735 2714 terrebantque.
765 2643 878 2699 Tandem
888 2644 1034 2715 interrupto
1046 2648 1089 2700 tn-

290 2724 374 2780 mnltu
391 2723 489 2779 litteras
506 2722 586 2793 patris
603 2720 702 2787 recitat,
721 2721 749 2775 in
766 2722 825 2793 quis
842 2722 1012 2793 perscriptum
1031 2727 1089 2779 erat
1136 2741 1138 2792 p

290 2802 442 2875 praecipuam
453 2800 502 2873 ipsi
520 2799 716 2855 fortissimarum
731 2799 859 2871 legionum
876 2818 970 2865 curam,
983 2800 1088 2871 quibus·
1136 2813 1137 2854 1

290 2898 348 2936 eum
359 2880 468 2953 plurima
478 2878 544 2934 bella
555 2876 715 2932 toleravisset
722 2899 730 2943 3
749 2877 794 2932 nbi
805 2877 913 2948 primum
931 2896 946 2933 a
958 2877 1031 2933 luctu
1046 2898 1086 2935 re·
1136 2885 1137 2920 ἲ

290 2959 401 3031 quiesset
424 2957 530 3022 animus,
556 2959 672 3010 acturum
696 2954 763 3027 apud
786 2966 871 3026 patres
895 2955 927 3011 de
949 2956 1087 3027 postulatis

289 3056 391 3104 eorum
410 3036 508 3092 misisse
519 3034 622 3089 interim
633 3033 721 3099 filium,
734 3036 764 3088 ut
776 3034 831 3089 sine
843 3034 1007 3090 cunctatione
1026 3052 1088 3090 con-
