2550 3500
399 378 593 426 ANNALIUM
613 378 656 425 IV.
676 378 777 429 13-17.
930 379 976 425 148

191 438 345 488 numm

190 496 242 541 tur.
278 488 319 543 Ob
344 507 419 559 quam
441 489 571 556 ultionem,
595 493 621 545 et
640 490 700 561 quia
716 490 801 560 priore
818 502 884 542 anno
901 488 928 543 in
945 488 977 543 Ο.

190 564 304 619 Silanum
324 565 480 619 vindicatum
503 570 565 631 erat,
585 566 717 621 decrevere
734 566 802 620 Asiae
820 566 896 620 urbes
915 571 978 619 tem-

187 641 260 712 plum
272 640 373 697 Tiberio
385 643 510 713 matrique
522 644 577 714 ejus
591 662 619 698 ae
637 644 745 698 senatui.
781 643 817 697 Et
828 642 1003 713 permissumtt

187 723 304 773 statuere
316 740 323 785 ;
341 719 443 790 egitque
456 720 527 773 Nero
539 725 624 791 grates
636 740 667 775 ea
679 739 756 774 eausa
770 719 885 790 patribus
901 723 978 789 atque

187 814 245 861 avo,
269 796 340 851 latas
364 798 431 851 inter
455 797 610 852 audientium
637 799 790 863 affectiones,
815 797 859 867 qui
882 797 978 851 recenti

186 874 311 928 memoria
323 874 466 929 Germanici
481 874 552 929 illum
569 876 654 947 aspici,
668 876 739 931 illum
755 874 837 929 audiri
848 874 976 928 rebantur.

187 950 354 1021 Aderantque
376 951 464 1022 juveni
485 951 609 1007 modestia
632 970 662 1007 ac
684 952 766 1007 forma
787 951 900 1022 principe
923 954 1002 1015 vitot

188 1029 275 1100 digua,
284 1028 353 1083 notis
365 1028 393 1082 iu
404 1046 462 1083 eum
474 1028 558 1099 Sejani
570 1029 634 1083 odiis
646 1028 679 1083 ob
690 1026 830 1099 periculum
841 1028 958 1099 gratiora.

225 1106 278 1160 Sub
295 1104 361 1159 idem
380 1109 480 1175 tempus
499 1108 531 1159 de
548 1106 649 1159 flamine
666 1106 735 1159 Diali
752 1105 878 1159 inlocum
897 1106 977 1161 Servii
989 1110 1025 1163 16

187 1182 376 1255 Maluginensis
386 1181 499 1237 defuncti
510 1182 624 1254 legendo,
635 1182 711 1236 simul
722 1182 834 1252 roganda
842 1200 907 1236 nova
914 1182 977 1252 lege,

189 1259 311 1314 disseruit
330 1260 422 1315 Caesar.
458 1260 527 1314 Nam
543 1260 671 1330 patricios,
687 1260 850 1329 confarreatis
868 1260 1001 1331 parenti-2

188 1336 237 1391 bus
245 1338 354 1409 genitos,
368 1340 420 1391 tres
433 1336 508 1391 simul
517 1337 648 1402 nominari,
657 1355 689 1391 ex
698 1339 757 1407 quis
766 1355 832 1391 unus
841 1337 976 1408 legeretur,

188 1419 294 1469 vetusto
318 1432 402 1480 more;
420 1432 503 1483 neque
526 1413 622 1479 adesse,
646 1418 677 1468 ut
700 1414 768 1477 olim,
793 1432 848 1467 earn
871 1414 976 1484 copiam,

189 1492 285 1545 omissa
308 1490 482 1546 confarreandi
499 1490 663 1545 assuetudine
681 1494 726 1545 aut
744 1491 771 1545 in
783 1509 811 1545 er
828 1509 923 1561 paucos
939 1509 978 1545 re

189 1573 270 1625 tenta
300 1568 441 1639 Pluresque
459 1568 513 1640 ejus
530 1568 567 1623 rei
579 1586 667 1623 causas
680 1568 807 1632 afferebat,
820 1568 1001 1638 potissimama

188 1664 268 1717 penes
280 1646 401 1700 incuriam
414 1645 527 1699 virorum
538 1645 752 1715 feminarumque:
771 1644 889 1699 accedere
898 1645 978 1715 ipsius

189 1722 339 1783 oaerimoniae
363 1722 530 1788 difficultates,
550 1741 606 1794 qua
630 1722 745 1778 consulto
768 1722 928 1789 vitarentur;
951 1726 978 1778 et

190 1803 309 1874 quoniam
321 1802 402 1856 exiret
414 1821 428 1856 e
438 1802 495 1872 jure
512 1802 593 1872 patrio
606 1802 651 1872 qui
665 1801 693 1856 id
707 1801 846 1856 flaminium
857 1802 978 1872 apiscere-

189 1884 241 1946 tur,
264 1898 369 1951 quaque
387 1879 415 1933 iu
431 1897 534 1932 manum
552 1879 660 1933 flaminis
678 1879 831 1934 conveniret.
867 1881 911 1934 Ita
927 1893 1003 1938 nie-4

189 1956 300 2012 dandum
313 1961 416 2011 senatus
429 1955 530 2010 decreto
543 1961 587 2010 aut
599 1956 663 2028 lege,
678 1957 745 2011 sicut
761 1959 894 2028 Augustus
912 1977 978 2028 quar·

189 2035 248 2089 dam
266 2051 300 2088 ex
317 2033 420 2088 horrida
436 2033 480 2088 illa
503 2033 656 2104 antiquitate
673 2033 706 2088 ad
728 2040 879 2105 praesentem
901 2054 978 2089 usum

188 2111 310 2168 flexisset.
347 2111 433 2182 Igitur
450 2111 567 2165 tractatis
584 2111 749 2182 religionibus
766 2111 887 2182 placitum
907 2112 1002 2167 insti-c

188 2195 248 2244 tuto
260 2189 390 2243 flaminum
398 2187 461 2242 nihil
473 2187 608 2242 demutari:
625 2187 670 2242 sed
678 2188 731 2242 lata
741 2188 789 2253 lex,
799 2189 980 2260 quatiaminica

188 2265 271 2322 Dialis
284 2283 412 2320 sacrorum
425 2283 501 2320 causa
512 2265 539 2319 in
550 2269 678 2336 potestate
689 2265 745 2330 riri,
758 2270 844 2320 cetera
854 2267 979 2338 promisco

188 2343 341 2398 seminarum
356 2343 421 2414 jure,
440 2347 535 2414 ageret.
571 2343 606 2396 Et
624 2342 691 2397 lilius
708 2343 894 2413 Maluginensis
911 2345 979 2416 patri

189 2421 321 2476 suffectus.
358 2421 446 2491 thue
458 2419 576 2490 glisceret
593 2419 706 2490 dignatio
722 2419 889 2487 sacerdotum,
902 2427 1003 2494 atqueo

132 2531 133 2536 =
188 2499 252 2570 ipsis
294 2496 416 2568 comptior
437 2497 535 2551 animus
552 2495 619 2550 foret
637 2495 670 2550 ad
687 2497 852 2567 capesmndas
870 2500 979 2554 earimo

188 2569 252 2634 nias,
283 2572 397 2622 coretum
410 2565 532 2622 Corneliae
544 2565 644 2638 virgini,
657 2585 713 2637 qua
728 2566 756 2620 iu
771 2566 854 2623 locum
871 2570 979 2625 Scantia

191 2645 346 2717 capiebatur,
361 2643 507 2700 sestertium
519 2643 645 2708 vicisset
662 2645 761 2714 quoties
774 2647 893 2717 Augusta
909 2647 980 2702 thea-

189 2727 259 2778 trum
271 2722 412 2786 introisset,
426 2723 455 2774 ut
467 2721 540 2776 sedes
552 2721 619 2776 inter
631 2720 774 2776 Vestalium
786 2723 935 2778 consideret.
1014 2749 1018 2754 ’

223 2799 344 2856 Cornelio
357 2799 479 2870 Cethego,
491 2799 596 2854 Visellio
609 2800 724 2854 Varrone
740 2801 885 2855 oonsulibus
897 2801 978 2871 ponti-
989 2800 1025 2854 17

190 2877 257 2942 fices,
283 2894 422 2956 eorumque
445 2877 560 2948 exemplo
584 2878 662 2932 ceteri
685 2877 837 2942 sacerdotes,
856 2895 914 2930 cum
931 2882 1042 2946 prom

190 2953 364 3011 incolumitate
380 2953 499 3025 principis
515 2958 576 3009 vota
590 2954 756 3026 susciperent,
773 2954 902 3010 Neronem
917 2970 977 3023 quof
991 2921 1037 3013 lli·

1001 3021 1034 3061 24.
