2550 3500
193 444 213 483 Δ
231 444 250 483 D
267 444 309 493 24]
404 382 600 429 ANNALIUM
618 382 661 429 IV.
680 385 782 432 24-29.
936 383 981 430 lac

227 492 326 547 Eadem
338 496 426 549 astate
438 498 509 549 mota
519 512 565 565 per
582 494 685 549 Italiam
701 493 798 549 servilis
816 492 876 548 belli
887 492 982 547 semina
991 490 1028 547 27

192 570 247 625 fors
271 572 404 642 oppressit.
440 574 540 629 Auctor
557 573 683 628 tumultus
706 573 736 627 T.
750 571 885 637 Onrtisius,
905 588 982 641 quon·

192 647 252 701 dam
273 648 397 719 praetoria
416 650 527 705 cohortis
547 652 626 719 miles,
644 652 726 723 primo
746 649 853 705 coetibus
871 647 982 703 clandes-

191 725 254 779 tim's
263 725 331 795 apud
339 722 504 785 Brundisium
512 732 537 784 et
546 728 707 800 circumjecta
715 726 814 799 oppida,
822 745 883 780 mox
892 724 982 795 positis

191 802 323 875 propalam
346 803 444 873 libellis,
465 805 497 859 ed
514 806 659 861 libertatem
676 806 783 860 vocabat
807 805 917 875 agrestia
935 821 982 873 per

191 878 345 951 longinquos
357 881 437 936 saltus
447 886 473 937 et
485 883 707 949 ferociaservitia3
724 902 790 950 cnm,
798 882 869 936 velut
878 898 981 935 munere

192 957 276 1025 deum,
290 962 343 1013 tres
355 958 463 1015 biremes
476 962 595 1032 appulere
609 962 642 1017 ad
653 981 715 1016 usus
730 960 923 1015 commeantium
937 958 981 1013 illo

191 1035 263 1091 mari.
294 1036 330 1091 Et
343 1043 398 1091 erat
411 1038 493 1093 isdem
504 1040 650 1111 regionibns
660 1039 751 1093 Cutius
763 1038 853 1108 Lupus
863 1040 1005 1107 quaestor,2

192 1112 234 1167 cui
246 1113 377 1183 provincia
388 1120 473 1171 vetere
490 1135 521 1171 ex
536 1136 606 1171 more
623 1116 699 1171 celles
715 1119 841 1171 evenerat.
876 1114 912 1181 Is,
931 1114 981 1170 dis·

191 1191 277 1261 posita
300 1191 483 1248 classiariorum
508 1196 587 1266 copia,
613 1198 765 1265 coeptantem
789 1212 847 1248 cum
872 1192 981 1247 maxime

191 1268 393 1339 conjurationem
416 1270 522 1342 disjecit.
559 1272 707 1343 Missusque
725 1289 741 1325 a
758 1271 857 1326 casare
874 1277 1005 1340 properet

192 1344 279 1399 Staius
287 1346 410 1403 tribunus
423 1366 481 1403 cum
492 1348 575 1403 valida
586 1368 663 1404 uranu
675 1349 765 1403 ducem
773 1348 856 1418 ipsum
869 1350 895 1401 et
907 1364 981 1417 prox·
1040 1370 1045 1382 ,

190 1421 256 1475 imos
268 1422 374 1479 audacia
385 1424 412 1479 in
423 1425 510 1481 urbem
523 1426 609 1491 traxit,
621 1427 675 1497 jem
685 1424 811 1496 trepidam
821 1423 854 1479 ob
865 1423 982 1477 multitu·

192 1498 277 1553 dinem
295 1500 454 1567 familiarum,
468 1522 524 1575 quae
536 1504 658 1575 gliscebat
672 1504 830 1567 immensum,
843 1500 940 1555 minore
953 1501 981 1555 in

192 1575 246 1631 dies
258 1577 331 1647 plebe
343 1579 460 1647 ingenua.
895 1638 900 1651 ,

226 1653 313 1709 Isdem
331 1656 476 1711 consulibus
494 1656 652 1713 miseriamm
670 1676 699 1713 ac
717 1656 819 1712 sevitiae
837 1654 980 1725 exemplum
989 1666 1027 1721 28
1080 1703 1083 1710 .

191 1734 272 1798 atrox,
286 1752 345 1788 rcus
357 1738 437 1806 pater,
450 1739 581 1790 accrrsator
589 1736 655 1791 filius
666 1737 769 1807 (nomen
777 1734 879 1806 ntriqne
888 1732 980 1789 Vibius

193 1809 321 1880 Serenus)
334 1813 359 1866 in
371 1816 488 1868 senatum
499 1813 597 1868 inducti
609 1820 677 1870 sunt.
713 1814 755 1870 Ab
767 1814 842 1869 exilio
853 1816 979 1868 retractus
989 1826 1004 1872 2

190 1887 327 1959 illuvieque
351 1908 380 1944 ac
405 1891 520 1962 squalore
538 1891 636 1946 obsitus
654 1897 681 1948 et
698 1896 755 1948 tum
772 1897 862 1946 catena
878 1891 979 1946 vinctus

190 1971 325 2036 perorante
337 1967 403 2022 filio:
422 1972 578 2039 praeparatus
591 1969 734 2025 adolescens
744 1969 830 2024 multis
839 1968 978 2032 munditiis,

190 2043 267 2100 alacri
279 2044 359 2110 vultu,
374 2049 485 2101 structas
495 2047 602 2118 principi
610 2047 721 2113 insidias,
734 2048 824 2102 missos
836 2047 863 2100 in
873 2045 980 2100 Galliam

190 2121 331 2177 concitores
349 2122 409 2178 belli
426 2123 505 2178 index
522 2124 589 2178 idem
602 2129 628 2179 et
644 2125 719 2180 testis
737 2124 844 2188 dicebat,
864 2127 979 2177 annecte-

189 2197 285 2270 batque
309 2200 437 2256 Cacilinm
462 2202 605 2256 Cornutum
628 2203 775 2273 praetorium
797 2200 979 2256 ministravisse

188 2277 321 2347 pecuniam
330 2300 337 2344 ;
357 2279 401 2348 qni
423 2279 499 2334 tedio
516 2298 641 2346 curarum,
658 2285 684 2336 et
702 2281 762 2350 quia
777 2278 916 2350 pericnlum
932 2297 979 2349 pro

188 2353 267 2408 exitio
284 2354 431 2422 habebatur,
449 2361 558 2410 mortem
573 2357 601 2412 in
618 2375 646 2411 se
663 2357 800 2413 festinarit.
836 2356 873 2410 At
890 2359 1002 2416 contras

188 2451 247 2486 reus
271 2431 335 2486 nibil
356 2432 465 2488 infracto
483 2434 574 2500 anime,
594 2433 715 2490 obversus
732 2434 761 2488 in
777 2433 857 2488 filium
874 2437 979 2504 quatere

135 2549 136 2552 η
188 2510 278 2575 vincla,
300 2524 395 2566 vocare
408 2510 504 2566 ultores
523 2511 591 2576 deos,
610 2517 641 2566 ut
659 2511 708 2566 sibi
725 2511 825 2582 quidem
843 2511 978 2566 redderent

188 2588 299 2652 erilium,
325 2587 371 2644 ubi
397 2589 486 2658 procul
507 2589 554 2644 tali
577 2607 648 2644 more
671 2594 765 2660 ageret,
790 2589 869 2645 tilium
892 2593 978 2646 autem

188 2667 340 2738 quandoque
357 2667 480 2738 supplicia
497 2672 671 2738 sequerentur.
707 2668 925 2740 Asseverabatqne
940 2669 1002 2724 int

187 2739 322 2802 nocentem
341 2745 484 2802 Cornutum
502 2750 528 2800 et
546 2745 610 2800 falsa
626 2747 793 2813 exterritnm3
811 2746 887 2817 idque
904 2746 977 2799 facilc

187 2823 327 2888 mtellectn,
353 2821 375 2876 si
399 2822 566 2893 proderentur
589 2822 646 2880 alii:
671 2843 723 2881 non
746 2823 814 2878 enim
836 2842 864 2879 se
884 2821 978 2877 caedem

186 2901 308 2973 principis
328 2903 355 2956 et
374 2919 415 2956 res
433 2919 511 2956 novas
529 2919 580 2956 uno
599 2902 668 2958 socio
686 2902 819 2973 cogitasse.
855 2900 920 2953 Tum
937 2904 1025 2961 arc-29

187 2984 290 3036 cusator
307 2978 356 3034 Cn.
368 2978 508 3037 Lentulum
526 2983 552 3036 et
571 2979 658 3038 Seium
673 2979 833 3037 Tuberonem
850 2975 978 3039 nominum
