2550 3500
395 362 592 413 cursurum
611 362 646 412 11.
667 363 767 412 14-19.
941 375 973 427 57

179 428 206 466 A.
218 428 246 466 D·
258 419 301 474 ld]

178 479 313 531 Romanas
334 493 400 543 aves,
420 475 523 549 propria
542 475 672 546 legionum
688 474 801 530 numine
837 469 919 532 Simul
936 489 999 548 pet

177 553 276 608 destris
289 554 355 609 scies
367 555 483 619 infertur,
497 557 524 608 et
536 553 681 624 premissus
693 571 771 624 eques
789 558 931 624 postremos
947 572 978 610 ac

175 631 262 686 latera
279 631 386 703 impulit.
422 632 569 702 Mirumque
586 629 664 695 dictu,
682 629 733 684 dno
749 631 860 685 hostium
876 632 1000 703 egminat

175 709 281 763 diverse
297 707 366 781 luga,
380 710 423 781 qni
440 709 529 764 silvam
544 710 687 772 tenuerant,
700 707 728 762 in
743 712 838 778 aperta,
852 709 896 780 qui
912 728 976 764 com·
1022 723 1025 735 ·

175 786 218 856 pis
241 785 403 852 adstitercnt,
425 786 452 841 in
473 786 561 841 silvam
584 785 700 840 ruebant.
737 785 819 840 Medii
838 786 906 841 inter
929 787 998 846 hocs

176 863 306 918 Cherusci
326 865 432 920 collibus
452 863 668 930 detrudebantu13
693 863 761 918 inter
781 882 845 934 qnos
868 863 976 936 insignis

175 941 312 996 Arminius
333 961 419 1007 manu,
441 960 510 1007 voce,
536 941 648 1007 vulnere,
671 941 831 996 sustentabat
854 960 974 1014 pugnam.

174 1018 387 1090 Incubueratque
410 1019 557 1091 sagittariis,
578 1018 622 1073 illa
641 1022 772 1089 rupturus,
793 1019 822 1074 ni
842 1019 1011 1082 Raetommc,

174 1095 421 1168 Vindelicorumque
438 1105 465 1152 et
477 1097 579 1152 Gallica
591 1096 708 1151 cohortes
726 1096 799 1168 signa
812 1095 973 1168 objecissent.

175 1173 249 1228 Nisu
269 1177 356 1229 tamen
373 1174 484 1245 corporis
503 1178 529 1229 et
547 1174 646 1244 impetn
662 1173 722 1245 equi
740 1174 860 1244 pervasit,
879 1174 996 1230 oblitust

174 1250 269 1306 faciem
288 1269 335 1306 suo
353 1270 450 1318 cruore,
468 1271 501 1306 ne
518 1256 674 1308 nosceretur.
728 1251 840 1312 Quidam
857 1253 974 1324 agnitum

175 1347 191 1382 a
204 1329 317 1384 Chaucis
329 1329 397 1385 inter
413 1329 506 1384 auxilia
520 1331 637 1384 Romana
652 1329 787 1401 agentibus
803 1330 974 1401 emissumque

175 1405 349 1462 tradiderunt.
386 1407 477 1462 Virtus
496 1427 542 1462 seu
559 1407 630 1462 fraus
648 1407 736 1462 eadem
754 1407 916 1478 Inguiomero
937 1409 995 1467 ete

174 1484 278 1556 fugium
296 1483 372 1540 dedit.
409 1485 496 1542 Ceteri
512 1485 606 1557 possim
622 1483 751 1540 trucidati.
787 1485 823 1540 Et
839 1484 973 1556 plerosque

174 1565 280 1616 tranare
292 1562 424 1635 Visurgim
436 1568 555 1619 conantes
567 1563 663 1635 injecta
673 1562 726 1618 tela
737 1565 781 1616 ant
797 1562 836 1617 vis
852 1562 971 1629 fluminis,
998 1608 1000 1613 .

175 1644 307 1708 postremo
325 1640 402 1696 moles
418 1640 547 1696 ruentium
559 1644 585 1696 et
597 1639 738 1696 incidentes
755 1639 824 1710 ripoe,
841 1657 971 1710 operuere.

176 1717 290 1779 Quidam
301 1721 372 1793 turpi
384 1721 446 1793 fuga
457 1721 484 1777 in
495 1739 594 1777 sununs
605 1719 724 1776 arborum
735 1719 792 1782 nisi.
805 1719 932 1791 ramisque
943 1733 993 1781 set

175 1798 342 1865 occultantes,
362 1798 470 1855 admotis
488 1798 627 1871 sagittariis
645 1817 691 1869 per
707 1797 844 1853 ludibrium
862 1798 971 1870 figeban-

175 1877 238 1941 tur;
256 1874 318 1930 alios
334 1881 446 1947 prorutae
463 1876 564 1931 arbores
582 1876 700 1931 afflixere.
735 1875 833 1947 Magne
849 1894 880 1931 ca
891 1875 1016 1931 ricto-18

174 1952 214 2007 ria
229 1971 312 2023 neque
329 1958 435 2009 cruenta
450 1953 522 2009 nobis
540 1954 597 2009 fuit.
635 1954 734 2013 Quinta
747 1952 779 2007 cb
794 1954 859 2008 horn
873 1952 923 2008 diei
938 1953 971 2008 ad

174 2035 277 2085 noctem
294 2030 352 2085 caesi
368 2031 463 2097 hostes,
476 2030 563 2087 decem
578 2031 657 2087 millia
672 2049 792 2101 passuum
808 2030 970 2087 cadaveribus

174 2111 253 2178 atque
268 2108 344 2163 ermis
363 2108 504 2180 opplevere,
515 2108 623 2180 repertis
635 2109 703 2163 inter
715 2107 795 2179 spolin
806 2126 893 2163 corum
904 2112 970 2163 cute-

172 2184 222 2251 nis,
235 2202 298 2255 quas
310 2186 337 2239 in
348 2186 478 2241 Romanos
490 2190 520 2240 nt
532 2204 584 2241 non
596 2185 673 2240 dubio
688 2189 783 2240 eventu
800 2189 969 2256 portaverant.

171 2264 252 2319 Miles
272 2263 300 2318 in
319 2264 376 2319 loco
393 2265 475 2336 proelii
494 2265 623 2321 'liberium
641 2264 817 2336 imperatorem
840 2264 992 2331 salutavit,2

172 2342 321 2412 struxitque
342 2360 468 2414 aggerem,
491 2347 517 2398 et
540 2342 568 2397 in
587 2342 692 2397 modum
715 2345 868 2411 tropoeorum
891 2361 967 2409 arms,

173 2418 326 2489 subscriptis
355 2420 480 2475 victarum
509 2420 624 2492 gentium
654 2419 805 2485 nominibus,
838 2419 967 2491 imposuit.

172 2495 253 2551 Haud
270 2496 374 2567 perinde
391 2498 529 2553 Germanos
545 2496 657 2562 vulnera,
672 2496 765 2564 luctiss,
780 2496 878 2552 excidia
893 2517 968 2570 quam
977 2502 1014 2557 19

173 2592 202 2629 ea
214 2574 311 2645 species
328 2573 413 2630 doloro
429 2578 456 2629 ct
471 2575 510 2629 ira
526 2575 617 2629 effecit.
655 2573 709 2633 Qui
724 2572 800 2629 modo
816 2574 885 2630 abire
903 2575 991 2631 sedi-2

173 2650 228 2716 bus,
246 2655 318 2707 trans
336 2651 422 2707 Albim
440 2651 576 2707 concedere
593 2650 725 2722 parabant,
741 2670 852 2723 pugnam
869 2652 966 2717 volunt,

174 2746 242 2783 arma
252 2728 356 2800 rapiunt
364 2751 371 2795 ;
390 2728 483 2799 plebes,
496 2730 626 2799 primores,
638 2729 768 2800 juventus,
782 2747 863 2794 senes,
877 2748 968 2801 agmen

174 2805 317 2861 Romanum
333 2809 438 2876 repente
453 2806 591 2871 incursant,
607 2805 721 2861 turbant.
756 2806 890 2861 Postremo
907 2806 989 2860 deli-c

173 2887 238 2953 gunt
253 2883 338 2938 locum
354 2883 457 2938 flumine
474 2888 500 2939 et
518 2884 587 2938 silvis
606 2884 727 2949 ebusum,
745 2887 816 2938 arcte
830 2884 900 2938 intus
917 2883 967 2953 pla

174 2961 235 3016 nitie
252 2964 279 3016 ct
296 2961 413 3017 humida:
438 2961 514 3018 silvas
533 2980 633 3033 quoque
650 2960 776 3033 profunda
794 2960 866 3032 palus
889 2959 967 3014 ambi·

1122 3109 1142 3207 r
