2550 3500
213 438 272 479 w.
286 436 327 501 aa]
415 375 611 426 ANNALIUM
627 376 682 426 XV.
700 374 802 427 69-78.
954 376 1002 427 ³7⁵

214 494 343 555 oonmetrs,
357 487 417 543 data
425 488 507 543 exilia
541 488 660 544 Priscum
668 488 773 548 Artoria
780 486 898 543 Tlaeoilla
909 488 1026 560 eonjuxp

213 567 334 621 oomitrta
342 573 390 631 ast,
401 565 502 620 Gallum
510 566 621 636 Ilgnatia
629 565 776 631 Maximilla,
786 566 884 637 magnis
893 566 1002 637 primum

213 648 240 697 et
252 643 359 714 integris
371 642 469 713 opibus,
482 647 540 713 post
552 642 691 714 ademptis3
710 661 766 714 quse
777 646 885 713 utraque
897 642 1003 713 glorium

134 727 135 752 l
214 721 269 790 ejus
287 737 387 775 auxere.
423 718 532 775 Pellitur
548 724 575 775 et
593 720 685 774 Rufius
709 718 849 791 Crispinus,
872 719 1028 776 oooasione⁸

214 796 402 868 eonjurationis,
415 795 461 850 sed
472 796 570 851 Neroni
579 796 684 865 invisus,
697 796 765 868 quod
776 798 912 869 Poppaeam
924 814 1002 868 quon·

214 874 273 929 dam
290 873 450 928 matrimonio
465 877 591 929 tenuerat.
626 874 778 946 Verginium
791 874 840 946 †et
851 874 1003 930 Musonium
1014 886 1029 934 9

214 951 314 1006 Rufum
326 949 450 1005 claritudo
458 951 567 1006 nominis
575 951 688 1023 expulit:
706 970 765 1006 nam
774 952 910 1024 Verginius
918 951 1004 1007 studia

211 1028 334 1099 juvenum
346 1027 497 1098 eloquentia,
509 1028 646 1083 Musonius
655 1028 787 1101 praeoeptis
797 1029 926 1099 sapientiae
935 1029 1003 1084 iove-

133 1111 134 1140 ³
215 1105 267 1179 bat.
302 1104 452 1159 Cluvidieno
471 1104 576 1171 Quieto,
594 1106 666 1160 Julio
682 1106 812 1177 Agrippae,
829 1106 908 1161 Blitio
927 1106 1047 1162 Catu-10

214 1182 274 1249 lino,
297 1182 418 1237 Petronio
441 1182 538 1248 Prisoo,
563 1183 633 1238 Julio
656 1183 752 1249 Altino,
774 1183 892 1239 velutin
911 1200 1005 1255 agmen

215 1263 242 1314 et
259 1277 399 1325 numerum,
420 1259 504 1330 AEgoei
528 1261 604 1315 maris
627 1260 717 1316 insula
740 1260 930 1331 permittuntur.
966 1262 1003 1316 At
1018 1268 1046 1315 11

216 1336 319 1391 Gadieia
330 1355 395 1391 uxor
407 1336 515 1392 Soaevini
526 1343 553 1393 et
570 1338 701 1393 Caesonius
719 1338 848 1393 Maximus
860 1338 937 1393 Italia
947 1356 1004 1409 pro-

215 1413 343 1480 bibentur,
360 1432 418 1469 reos
435 1414 515 1469 fuisse
530 1433 559 1470 se
575 1419 677 1471 tantum
692 1434 767 1487 poena
782 1414 889 1486 experti.
925 1415 1004 1470 Atilia
1018 1424 1049 1473 12

216 1496 299 1546 mater
315 1491 407 1547 Annaei
425 1490 525 1548 Lucani
545 1492 600 1548 sine
616 1492 783 1563 absolutione,
806 1493 861 1549 sine
881 1492 1004 1565 supplieio

218 1568 384 1624 dissimulata

253 1645 354 1706 Quibus
365 1644 517 1718 perpetratis
529 1646 607 1713 Nero,
621 1650 648 1703 et
660 1647 779 1703 eonoioue
790 1647 900 1703 militum
911 1645 1005 1715 habita,
1015 1658 1052 1719 72

216 1722 277 1781 bina
287 1723 418 1780 nummum
433 1723 512 1779 millia
528 1724 624 1780 viritim
641 1724 837 1798 manipularibus
855 1723 949 1790 divisit,
963 1722 1006 1780 ad-

200 1801 332 1873 ‘diditque
343 1801 397 1856 sine
409 1802 492 1872 pretio
502 1801 666 1868 frumentum,
680 1821 730 1876 quo
748 1806 808 1878 ante
825 1820 858 1858 en
872 1802 947 1857 modo
963 1819 1007 1857 an-

216 1899 290 1939 nona
306 1883 453 1939 utebantur.
489 1883 562 1950 Tum
576 1885 649 1955 quasi
661 1889 735 1957 gesta
753 1884 819 1940 bello
835 1885 1031 1956 expositurum

216 1965 292 2018 vocet
304 1966 428 2026 senatum,
438 1963 465 2016 et
477 1961 631 2033 triumphale
638 1962 716 2018 deeus
728 1961 849 2017 Petronio
860 1961 1007 2032 Turpiliano

217 2039 351 2104 oonsulari,
373 2038 481 2094 Coooeio
495 2037 589 2095 Nerva
604 2041 709 2111 praetori
725 2039 864 2112 designato,
882 2039 1007 2110 Tigellino

217 2116 337 2188 prefecto
361 2116 474 2188 praetorii
493 2116 585 2172 tribuit
595 2137 603 2183 3
620 2117 773 2190 Tigellinum
792 2133 818 2171 ee
838 2115 950 2172 Nervam
969 2117 1007 2172 ita

217 2193 349 2259 extollens,
364 2197 395 2248 ut
412 2212 489 2265 super
505 2191 672 2266 triumphales
689 2194 717 2248 in
732 2194 787 2248 foro
803 2193 924 2264 imagines
939 2191 1008 2264 apud

217 2270 345 2326 Palatium
364 2287 465 2342 quoque
487 2270 582 2342 effigies
602 2288 691 2326 eorum
714 2271 822 2326 sisteret.
859 2269 1031 2330 Consularia8

131 2336 132 2373 3
217 2347 328 2418 insignia
339 2347 511 2420 Nymphidi03
529 2347 561 2402 de
573 2365 630 2419 quo,
643 2346 703 2416 quia
715 2365 782 2404 nune
789 2347 899 2419 primum
906 2347 1007 2404 oblatus

218 2429 267 2489 est,
292 2441 375 2495 pauoa
397 2430 527 2495 repetamz
545 2443 605 2479 nam
628 2431 655 2480 et
678 2429 733 2496 ipse
755 2443 814 2497 pars
835 2425 1008 2480 Romanarum

218 2501 328 2557 cladium
339 2502 397 2556 en't.
433 2502 520 2573 Igitur
530 2507 611 2558 matre
622 2503 741 2558 libertina
752 2507 832 2569 ortus,
848 2521 904 2574 quoe
916 2511 1032 2574 eorpust

218 2577 338 2634 deoomm
349 2576 417 2634 inter
429 2597 515 2635 servos
527 2579 682 2652 libertosque
693 2580 835 2652 principum
851 2579 1006 2652 uulgaverat,

218 2673 252 2710 ex
264 2656 293 2710 0.
307 2656 407 2710 Caesare
419 2673 447 2710 se
458 2657 573 2727 genitum
584 2657 690 2724 ferebat,
699 2657 817 2729 quoniam
825 2656 891 2712 forte
901 2657 1009 2728 quadam

219 2732 311 2786 babitu
329 2750 450 2803 properus
468 2737 496 2788 et
516 2737 590 2789 torro
612 2733 688 2789 vultu
706 2743 769 2801 erat,
794 2735 847 2790 sive
871 2733 900 2789 Ο.
914 2735 999 2790 Caesar

219 2813 362 2864 scortorum
385 2826 486 2880 quoque
509 2811 621 2881 eupieus,
646 2811 723 2867 etiam
746 2811 821 2866 marri
844 2811 899 2882 ejus
918 2811 1006 2866 illusit.

220 2885 272 2941 Sed
289 2885 361 2940 Nero
378 2892 469 2941 vocato
483 2893 582 2953 senatu,
601 2889 716 2944 oratioue
731 2888 798 2944 inter
811 2893 897 2959 patres
912 2889 1005 2954 habita,
1017 2895 1054 2952 73

131 2972 132 3011 ἐ
219 2963 333 3019 edietum
344 2962 413 3034 apud
424 2963 547 3035 populum
557 2968 585 3021 et
599 2963 691 3021 collata
705 2965 733 3021 in
743 2965 821 3022 libros
838 2966 932 3024 indicia
948 2983 1009 3022 eon-
