2550 3500
205 424 225 462 A
241 423 259 461 n
276 422 301 462 52
317 422 358 471 ⁵3]
396 359 592 407 ANNALIUM
609 359 672 409 XII.
685 360 789 408 56-61.
944 362 991 411 2611

204 480 336 549 Tarquitio
354 477 450 535 Prisco.
486 478 601 550 Legatns
618 478 641 534 is
658 478 736 535 Tauri
753 477 866 534 Africam
887 477 1016 549 imperi02

203 555 377 628 proconsulari
394 556 514 627 regentis,
533 562 667 628 postquam
684 559 840 622 revenerunt,
860 573 940 627 pauca
954 575 993 610 10-

204 633 374 705 petundarum
398 633 509 698 crimina,
535 638 648 689 ceterum
670 634 781 703 magicas
800 633 992 704 superstitiones

204 710 357 782 objectabat.
393 711 451 766 Nec
462 710 504 767 1110
516 710 612 766 diutius
625 711 716 766 falsum
731 715 902 767 accusatorem
912 710 1016 782 indiga

204 808 302 859 nasqne
326 787 413 845 sordes
436 808 578 860 perpessus,
603 789 655 845 vim
677 790 737 846 vita
757 808 810 845 suae
828 788 915 845 attulit
933 798 993 845 ante

205 867 358 923 sententiam
376 871 487 923 senatus.
523 868 670 939 Tarquitius
691 872 777 923 tumen
799 868 869 923 curia
888 870 1017 922 exactust

205 948 261 1010 est3
279 943 347 1015 quod
359 948 444 1015 patres
461 944 518 1001 odio
533 944 653 1001 delatoris
668 949 757 1001 contra
768 944 891 1000 ambitum
901 944 992 1016 Agrip·

204 1040 271 1093 1111
283 1040 419 1091 peruoere.

240 1098 338 1154 Eodem
356 1116 421 1153 anno
439 1098 531 1170 saepius
544 1098 630 1154 audita
642 1117 692 1154 vox
702 1099 831 1170 principis,
844 1117 930 1170 parem
941 1096 1039 1153 111060

204 1193 291 1229 rerum
307 1174 447 1230 habendam
463 1194 479 1229 a
493 1176 699 1247 procuratoribus
715 1176 768 1231 suis
780 1176 949 1247 judicatarum
964 1195 993 1232 ac

205 1252 229 1307 si
239 1252 294 1322 ipse
306 1252 446 1309 statuisset.
482 1254 522 1308 Ao
535 1272 568 1307 ne
585 1253 692 1309 fortuito
706 1254 837 1325 prolapsus
856 1253 1017 1319 videret-ura

206 1332 310 1385 senatus
323 1347 423 1401 qnoque
435 1329 550 1385 consulto
563 1334 667 1385 cantum
677 1330 776 1400 plenius
789 1348 864 1401 quam
875 1334 950 1385 antea
966 1335 993 1385 et

205 1405 317 1461 uberius.
354 1406 421 1461 Nam
445 1405 518 1461 divrrs
542 1409 677 1477 Angustus
701 1406 769 1476 apud
791 1411 920 1477 equestres
950 1408 1016 1477 qm'a

205 1483 319 1554 dlgypto
331 1483 494 1554 praesiderent
506 1483 562 1555 lege
574 1484 622 1555 agi,
636 1483 787 1554 decretaque
795 1501 882 1537 eornm
891 1483 994 1555 perinde

206 1559 293 1615 baberi
302 1560 414 1631 jusserat
426 1578 455 1615 ac
467 1560 490 1615 si
501 1560 666 1631 magistratus
675 1559 785 1615 Romani
793 1560 992 1615 constituissent.

205 1636 271 1693 Mox
282 1636 343 1691 alias
355 1656 401 1709 per
418 1636 559 1708 provincias
575 1642 602 1691 et
617 1637 645 1691 in
662 1636 724 1692 urbe
740 1636 858 1709 pleraque
876 1656 994 1693 concessa

133 1757 135 1768 ,
205 1718 275 1781 sunt,
300 1733 356 1786 quse
376 1714 436 1770 olim
456 1734 472 1769 a
490 1714 642 1786 praetoribus
662 1714 837 1771 noscebantur.
873 1714 1019 1771 Claudiust

205 1811 281 1847 omne
297 1793 339 1864 jus
357 1791 469 1858 tradidit,
488 1792 519 1848 de
537 1811 587 1863 quo
604 1793 699 1847 totiens
716 1793 839 1849 seditione
856 1798 901 1848 aut
918 1794 993 1848 armis

205 1873 340 1936 certatum,
350 1887 408 1924 cum
421 1869 574 1941 Semproniis
583 1870 756 1942 rogationibus
769 1876 886 1942 equester
897 1870 958 1925 ordo
967 1871 995 1924 in

205 1947 365 2017 possessione
379 1947 532 2018 judiciorum
549 1947 683 2014 locaretur,
701 1953 746 2002 aut
764 1967 864 2003 rursum
883 1948 994 2002 Serviliae

204 2023 276 2094 leges
288 2023 387 2078 senatui
396 2023 491 2094 judicia
502 2023 643 2093 redderent,
655 2025 804 2096 Mariusque
815 2030 842 2080 et
856 2025 923 2095 Sylla
934 2024 993 2077 olim

206 2100 239 2155 de
251 2119 281 2156 eo
293 2100 334 2155 vel
345 2101 470 2172 praecipue
479 2101 607 2156 bellarent.
645 2101 695 2156 Sed
704 2106 766 2156 tunc
773 2102 887 2156 ordinum
896 2100 1018 2156 diversa5

206 2177 301 2244 studia,
314 2183 339 2232 ct
353 2197 408 2248 quae
420 2179 540 2244 vicerant,
553 2178 653 2249 publice
660 2178 784 2233 valebant.
815 2178 844 2232 0.
857 2178 955 2249 Oppius
967 2187 994 2232 et

206 2253 341 2310 Cornelius
352 2255 448 2310 Balbus
460 2255 535 2326 primi
553 2255 660 2310 Caesaris
678 2255 769 2325 opibus
787 2259 893 2325 potuere
911 2253 994 2309 condi·

205 2332 289 2386 tiones
301 2332 370 2402 pacis
382 2337 409 2388 et
428 2333 532 2388 arbitria
546 2332 606 2388 belli
623 2336 741 2386 tractare.
777 2331 873 2386 Matios
889 2332 1017 2402 posthaec
1123 2348 1128 2373 ··

205 2413 233 2464 et
253 2408 349 2464 Vedios
373 2413 400 2464 et
420 2414 506 2465 cetera
528 2409 642 2480 equitum
666 2409 838 2463 Romanorum
861 2409 996 2480 proevalida

205 2487 310 2542 nomina
327 2486 422 2542 referre
436 2487 499 2542 nihil
513 2486 653 2551 attinuerit,
673 2503 732 2540 cum
748 2485 869 2540 Claudius
882 2486 994 2551 libertos,

206 2581 271 2634 quos
289 2562 327 2618 rei
344 2563 462 2618 familiari
478 2565 633 2636 prefecerat,
653 2563 750 2634 sibique
767 2566 794 2618 et
811 2562 910 2635 legibus
930 2564 995 2643 ada-

206 2641 332 2710 quaverit.

242 2717 356 2772 Rettulit
369 2715 458 2772 deinde
470 2717 501 2772 de
513 2717 673 2773 immunitate
685 2716 745 2772 Cois
753 2716 895 2782 tribuenda,
905 2717 995 2771 multa·
1005 2718 1039 2773 61

206 2813 257 2864 que
280 2813 356 2863 super
377 2794 528 2864 antiquitate
548 2815 635 2851 eorum
651 2795 813 2850 memoravit:
831 2795 940 2863 Argivos
956 2793 997 2848 vel

207 2875 299 2930 (111111
311 2875 418 2930 Latonae
429 2879 559 2944 parentem
571 2876 757 2932 vetustissimos
769 2875 857 2930 insulae
868 2872 977 2929 cultores
989 2891 996 2936 ;

207 2970 270 3008 mox
282 2950 394 3006 1110111
404 2951 545 3024 AEsoulapii
555 2957 636 3009 artem
647 2953 764 3009 medendi
774 2952 870 3007 illatam
881 2949 997 3006 manime·
