2550 3500
133 250 1042 296 ⁷-—

292 382 342 433 362
622 386 742 435 'racITI

856 474 861 489 -.
927 448 1081 489 nnuma.

293 493 416 551 dissoluta
430 496 493 553 luxu
508 516 587 566 mens,
600 503 627 554 et
645 498 750 571 proinde
767 498 822 555 vita
838 448 926 553 somni
943 498 1082 570 languide:

295 571 449 631 Quintianus
465 575 571 631 mollitia
583 577 696 647 corporis
711 576 820 643 infamis
838 579 866 631 et
877 594 893 629 a
903 575 1007 631 Nerone
1022 593 1084 645 pro·

221 685 227 697 ·
247 651 286 709 ⁵0
294 648 369 704 broso
381 652 649 723 carminediffamatns‚
658 654 823 709 contumelias
835 653 918 707 ultum
929 652 990 707 ibat.
1009 652 1084 723 Ergo

295 725 355 781 dum
379 726 473 783 coelem
494 728 622 801 principis,
639 735 666 785 et
685 731 762 786 finem
783 730 871 787 adesse
889 729 1001 801 imperio,
1021 728 1084 785 deli·

294 802 455 875 geniumque
475 804 519 875 qui
536 806 610 861 fessis
626 807 703 863 rebus
722 810 889 872 succurreret,
906 807 973 862 iuter
990 823 1019 861 se
1037 808 1085 863 aut

295 880 363 936 inter
373 881 466 937 amicos
475 881 581 953 jaciunt,
597 902 766 957 aggregavera
783 885 893 941 Tullium
910 883 1083 948 Senecionem,

296 958 445 1013 Cervarium
471 959 615 1031 Proculum,
643 961 790 1018 Vrrlcatium
815 961 956 1027 Araricum,
984 959 1085 1014 Julinm

244 1108 246 1112 .
296 1036 465 1107 Augurinum,
483 1036 630 1094 Munatium
655 1040 770 1109 Gratum,
790 1038 931 1094 Antonium
954 1036 1083 1102 Natalem,

296 1112 421 1169 Marcium
431 1113 544 1182 Nestum,
554 1116 653 1189 equites
665 1116 808 1182 Romanum
825 1114 959 1187 exquibus
969 1114 1083 1179 Senecio,

296 1208 311 1247 e
323 1191 451 1262 precipua
456 1192 626 1250 familiaritate
634 1194 753 1259 Neronis,
763 1194 873 1265 speciem
881 1191 997 1247 amicitie
1004 1191 1083 1247 etiam

273 1270 353 1329 amm
364 1268 484 1336 retinens,
501 1288 531 1325 eo
546 1270 661 1343 pluribus
679 1270 796 1343 periculis
811 1267 1011 1325 conflictabatur.
1029 1267 1084 1322 Na·

297 1344 357 1400 talis
368 1346 494 1418 particeps
512 1346 543 1403 sil
560 1366 634 1403 omne
648 1351 774 1404 secretum
785 1347 873 1403 Pisoni
884 1351 946 1402 erat.
982 1344 1083 1401 Ceteris

298 1440 356 1492 spes
378 1441 413 1478 ex
435 1424 508 1479 novis
529 1424 606 1481 rebus
629 1425 771 1497 petebatur.
806 1424 902 1480 Ascite
925 1425 985 1479 sunt
1006 1440 1085 1493 super

299 1498 418 1556 Subrium
445 1504 472 1557 et
495 1502 642 1573 Sulpicium,
666 1502 697 1559 de
725 1502 816 1574 quibus
839 1499 935 1566 rettuli,
962 1499 1085 1555 militares

298 1595 396 1643 manus,
420 1578 515 1635 Gavius
539 1580 655 1635 Silvanus
673 1584 699 1635 st
717 1580 815 1635 Statius
835 1578 970 1633 Proximus
987 1575 1087 1633 tribuni

299 1654 442 1711 cohortium
456 1656 637 1727 preterieram,
657 1657 787 1713 Maximus
805 1656 914 1711 Scaurus
930 1658 957 1709 et
968 1653 1086 1709 Venetus

275 1731 394 1789 3Panlns
406 1733 574 1791 centuriones.
592 1734 643 1790 Sed
655 1753 780 1790 summum
789 1732 867 1790 robur
878 1732 905 1788 in
916 1730 1002 1788 Faenio
1014 1729 1086 1787 Rufo

299 1810 419 1882 prefecto
436 1810 575 1876 ridebatrn,
594 1830 670 1882 quem
686 1811 740 1868 vita
756 1812 872 1884 famaque
888 1809 1020 1866 budctum
1039 1826 1086 1880 per

300 1889 423 1944 sevitiam
433 1889 665 1961 impudicitiamque
683 1890 821 1962 Tigellinus
832 1891 860 1946 in
871 1889 954 1945 auimo
965 1887 1087 1960 principis

300 1965 420 2032 anteibat,
430 1967 603 2040 fatigabatque
611 1967 827 2023 criminationibus
836 1985 866 2022 nc
874 1985 940 2038 sape
952 1966 980 2021 in
991 1969 1088 2020 metum

300 2044 447 2110 adduxemt,
466 2045 538 2116 qnasi
561 2044 702 2101 adulterum
722 2045 889 2118 Aggrippinm
912 2047 939 2098 et
962 2041 1088 2098 desiderio

277 2122 356 2194 4ejns
368 2122 459 2178 ultioni
469 2123 604 2178 intentum.
639 2123 726 2196 Igitur
734 2123 778 2180 ubi
790 2121 927 2193 conjuratis
939 2120 1086 2191 prefectum

301 2219 402 2272 quoque
424 2200 536 2272 praetorii
557 2201 586 2256 in
607 2205 693 2272 portes
716 2198 875 2255 descendisse
897 2197 987 2254 crebro
1008 2197 1087 2268 ipsius

302 2296 416 2334 sermone
426 2277 496 2333 iacta
507 2277 575 2344 fides,
591 2277 733 2350 promptius
746 2277 798 2348 jum
815 2275 847 2331 dc
865 2279 980 2345 tempore
991 2291 1021 2328 ao
1033 2273 1087 2328 loco

277 2354 377 2412 teaeslis
389 2355 527 2426 agitabant.
561 2355 597 2411 m
614 2355 711 2426 cepisse
727 2354 850 2424 impetum
869 2351 977 2406 Subrius
994 2349 1088 2405 Flavus

301 2431 431 2488 ferebatur
453 2432 481 2488 in
507 2450 583 2488 scena
604 2435 736 2487 canentem
761 2431 889 2486 Neronem
919 2426 1088 2500 aggrediendi,

302 2513 348 2564 aut
365 2527 423 2563 cnm
440 2509 545 2565 ardema
562 2509 636 2564 domo
654 2513 815 2580 pernoctem
832 2507 883 2562 huc
899 2505 959 2560 illuc
974 2507 1088 2560 cursaret

279 2587 479 2647 tincnstoditus.
506 2589 559 2645 Hic
569 2588 668 2644 occasio
677 2585 827 2650 solitudinis,
837 2585 874 2640 ibi
884 2584 940 2655 ipa
948 2583 1089 2654 frequentia

303 2664 371 2720 tanti
382 2663 478 2720 decoris
495 2666 570 2720 testis
586 2664 782 2736 pulcherrimum
799 2662 910 2718 animum
927 2659 1089 2716 extimulare

303 2745 369 2806 rant,
380 2741 429 2796 nisi
440 2742 598 2812 impunitatis
610 2741 703 2812 cupido
715 2739 870 2802 retinuisset,
882 2737 980 2808 magnis
992 2753 1089 2808 semper

256 2825 293 2880 δι
304 2818 436 2874 meatibus
445 2818 556 2874 adversa
592 2818 701 2874 Interim
709 2815 888 2872 cunctantibus
895 2812 1090 2885 prolatantibus-

303 2915 353 2967 que
361 2914 429 2967 spem
438 2900 579 2963 cometam,
585 2894 717 2966 Epicharis
725 2893 974 2964 quaedam,incertum
981 2907 1090 2961 quonam

304 2972 380 3030 modo
395 2973 531 3042 munitate
542 2975 635 3045 (neque
646 2971 684 3028 illi
694 2975 754 3028 ante
770 2970 823 3028 ulla
833 2987 917 3026 rerum
928 2968 1089 3024 honestarum
