2550 3500
136 448 137 453 ,
195 463 214 501 Δ
231 460 250 499 D
267 460 318 508 m
400 398 595 447 ANNALLUM
612 399 674 447 xn.
693 400 794 447 52—56.
940 399 985 448 261

194 515 261 575 rant,
275 509 428 575 dubitatum,
445 510 507 581 quin
524 510 608 581 rapite
620 529 707 582 peenas
723 510 838 568 luerent-z
859 508 989 565 Cumanus

194 592 221 642 et
234 586 306 643 Felix
318 587 665 654 cunctationemaffersbant‚
678 588 737 659 quia
755 587 885 652 Claudius,
904 588 988 641 causis

137 684 138 687 ¹
193 663 336 719 rebellionis
349 664 451 729 auditis,
467 664 510 735 jus
529 665 659 719 statuendi
678 665 754 721 etiam
772 664 803 720 de
820 664 988 735 procuratori-

193 741 242 796 bus
261 740 371 798 dederat.
409 740 459 795 Sed
471 740 619 801 Quadratus
631 742 740 797 Felicem
751 742 819 797 inter
834 740 933 813 judiees
949 742 1010 795 ost

193 818 311 886 tentarit,
323 821 453 889 receptum
469 818 497 875 in
513 818 696 891 tribunalque
712 818 799 876 studia
815 818 989 874 accusantium

194 896 402 960 deterrerentur3
420 894 604 967 damnatosque
615 896 770 967 flagitiorum
787 914 844 967 qua
861 895 912 951 duo
929 894 988 950 doli·
1020 898 1026 908 ⁴

194 978 301 1044 querant
314 972 453 1037 Cumanus,
466 976 493 1027 et
505 972 576 1043 quies
588 973 724 1044 provincie
735 972 843 1029 reddita

229 1050 287 1105 Nec
307 1049 389 1105 multo
404 1053 463 1120 post
477 1050 617 1121 agrestium
632 1050 741 1106 Cilicum
757 1051 880 1116 nationes,
897 1048 987 1120 qmbus
996 1052 1032 1107 55

194 1126 319 1181 Clitarum
340 1131 543 1198 cognomentum,
565 1146 632 1198 saepe
649 1131 676 1181 et
692 1128 753 1183 alias
771 1133 910 1195 commotae,
926 1132 989 1181 tunc

135 1220 137 1263 4
192 1203 340 1259 Troxobore
355 1203 419 1259 duce
434 1208 534 1261 montes
556 1223 659 1275 asperos
678 1204 768 1260 castris
789 1223 893 1275 cepere;
912 1209 989 1275 atque

192 1280 374 1337 indedeoursu
389 1280 504 1335 inlitora
521 1286 566 1337 aut
583 1281 660 1337 urbes
676 1281 729 1335 rim
745 1281 885 1336 cultoribus
902 1285 928 1335 et
946 1299 989 1351 op

193 1358 301 1429 pidauis‚
324 1376 353 1413 ac
372 1358 520 1429 plerumque
541 1359 568 1413 in
591 1364 744 1413 mercatores
768 1361 796 1414 et
814 1358 1003 1422 navicularios,-

194 1434 331 1491 audebant.
367 1434 528 1505 Obsessaque
542 1435 631 1490 civitas
644 1435 842 1500 Anemuriensis,
856 1439 883 1489 et
892 1434 963 1488 missi
974 1444 1011 1491 et

195 1512 269 1585 Syria
281 1513 308 1567 iu
320 1512 461 1567 subsidium
473 1512 571 1583 equites
584 1532 642 1567 cum
655 1513 775 1583 praelecto
788 1512 878 1566 Curtio
896 1512 989 1565 Severo

193 1590 349 1655 turbantur3
380 1589 449 1661 quod
472 1588 530 1644 duri
554 1590 649 1644 circum
672 1590 728 1655 loci,
753 1589 933 1661 peditibusque
957 1587 988 1641 ad

193 1685 307 1739 pugnam
330 1666 423 1733 idonei,
449 1670 567 1737 equestre
591 1667 704 1737 praelium
729 1666 797 1721 haud
817 1664 988 1736 patiebantur.

133 1755 135 1762 '
194 1745 264 1800 Dein
284 1763 330 1800 rex
350 1744 404 1815 ejus
424 1763 475 1800 orae
493 1744 651 1820 Antiochus¹
661 1744 839 1802 blandimentis
857 1742 1011 1805 adversuma

194 1822 302 1894 plebem,
323 1822 411 1876 fraude
431 1822 457 1875 iu
479 1821 568 1876 ducem
585 1841 643 1876 cum
658 1822 822 1877 barbarorum
838 1820 922 1892 copias
939 1819 989 1874 dis-

195 1900 327 1964 sociisset,
349 1899 494 1953 Troxobore
516 1900 653 1970 paucisque
674 1899 828 1972 primoribus
848 1897 995 1954 interfectis·

195 1977 601 2047 ceterosclemeutiacomposuit.
1044 1985 1047 1991 ’

232 2055 285 2109 Sub
306 2053 372 2108 idem
392 2061 493 2124 tempus
516 2055 583 2108 inter
597 2054 680 2108 lacum
698 2053 823 2109 Fucinum
839 2069 987 2121 amnemque
995 2056 1035 2111 56

195 2131 277 2186 Lirim
289 2135 411 2202 perrupto
423 2135 516 2196 moute,
531 2149 580 2201 quo
593 2131 780 2202 magnificentia
791 2130 874 2198 operis
886 2148 902 2182 a
912 2128 989 2198 pluri·

195 2210 244 2264 bus
263 2209 394 2276 viseretur,
411 2209 468 2262 lacu
486 2209 513 2262 iu
528 2209 583 2278 ipso
598 2209 687 2264 navale
705 2209 817 2278 praelium
837 2207 988 2272 aromatum

195 2292 226 2342 nt
247 2286 373 2358 quondam
390 2288 525 2356 Augustus
544 2289 643 2340 structo
655 2286 691 2339 cis
704 2285 814 2340 'liberius
830 2288 929 2354 stagno,
944 2282 989 2338 sed

195 2364 293 2421 levibus
309 2363 417 2434 navigiis
438 2365 464 2416 et
484 2361 580 2416 minore
597 2362 676 2432 eopia,
702 2361 823 2416 ediderat.
867 2358 1010 2416 Claudius²

194 2442 312 2495 triremes
325 2440 546 2511 quadriremesque
558 2443 584 2494 et
599 2439 759 2510 undeviginti
770 2437 899 2492 hominum
911 2437 990 2495 millia

195 2519 310 2582 armavit,
320 2518 403 2572 cincto
411 2516 509 2572 ratibus
519 2515 623 2582 ambitu,
633 2534 665 2570 ne
678 2535 742 2587 vaga
753 2515 847 2587 effugis
857 2515 949 2578 forent,
959 2531 989 2572 so

194 2601 281 2652 tamen
293 2595 403 2665 spatium
416 2594 545 2664 amplexus
558 2593 591 2648 ad
604 2594 655 2649 vim
672 2593 780 2663 remigii,
793 2592 989 2664 gubernantium

194 2679 271 2739 artes,
284 2673 395 2743 impetus
407 2673 508 2728 navium
521 2675 547 2726 et
559 2672 646 2742 prelio
658 2671 740 2727 solita.
775 2671 810 2724 In
820 2669 1010 2739 ratibuspras-8

193 2751 317 2805 toriarum
328 2749 469 2804 cohortium
480 2748 601 2818 manipuli
610 2754 751 2818 turmaque
763 2747 905 2810 astiterant,
919 2748 988 2800 ante·

193 2827 286 2899 positis
309 2825 513 2896 propugnaculis,
540 2845 571 2880 ex
595 2827 652 2896 quis
676 2825 812 2896 catapulta
832 2824 988 2892 ballistaque
1021 2873 1025 2880 .

194 2905 369 2960 tenderentur.
410 2903 520 2973 Reliqua
543 2902 612 2959 lacus
636 2903 759 2959 classiarii
782 2902 858 2957 tectis
881 2899 988 2954 naribus

196 2981 353 3041 obtinebant.
389 2980 472 3052 Ripas
496 2981 523 3034 et
546 2981 623 3039 colles
646 2981 699 3053 †ac
722 2980 848 3037 montium
871 2978 941 3034 edita
962 2978 1011 3033 int
