2550 3500
283 325 329 373 sas
613 324 735 374 rnorrr
910 384 1074 433 [mm

282 436 379 491 sionem
398 434 453 506 jam
469 433 497 490 id
514 438 542 491 et
561 439 648 507 partes
671 440 705 502 et,
727 436 749 491 si
768 434 835 491 idam
853 434 927 489 multi
945 434 1074 500 audeant,
1139 444 1140 487 t

282 511 376 568 bellum
393 530 456 569 esse.
493 512 556 569 “Ut
568 513 694 584 quondam
706 513 735 568 0.
749 512 898 577 Oaesarem,'’
910 512 1002 583 inquit,
1019 515 1077 567 “et

282 589 321 644 M.
334 589 465 655 Catonem,
489 588 527 644 ita
546 608 614 645 nuno
632 594 667 655 te,
689 590 769 653 Nero,
789 593 815 644 at
836 588 973 643 Thraseam
994 588 1077 643 avida
1139 638 1140 661 p

260 665 693 737 8diseordiarumoivitasloquitur.
728 666 764 721 Et
775 664 852 721 habet
868 668 1009 721 sectatores
1027 666 1075 721 vel
1139 686 1140 735 p

281 743 367 813 potius
379 742 509 807 satellites,
518 742 561 813 qui
569 742 682 797 nondum
693 742 875 799 contumatiam
883 741 1074 797 sententiarum
1139 758 1140 823 p

282 820 328 875 sed
338 820 451 875 habitum
464 820 613 891 vultmnqne
625 820 680 892 ejus
693 822 830 885 sectantur,
842 818 919 890 rigidi
930 823 957 875 et
968 819 1071 885 tristes,
1139 826 1140 883 j

259 904 332 967 tquo
352 896 400 951 tibi
418 896 545 951 lasciviam
564 898 724 968 exprobrent.
760 896 831 951 Huio
845 896 891 950 uni
906 895 1072 951 incolumitas

281 973 760 1044 tua,†sine(tuoe)artessinebonore.
796 973 934 1043 Prosperae
945 972 1071 1044 principis
1139 1006 1140 1037 p

281 1068 322 1105 res
334 1050 448 1121 spernit:
466 1050 575 1105 etiamne
586 1050 698 1105 luctibus
707 1048 869 1105 etdoloribus
878 1067 930 1107 non
938 1049 1071 1105 satiatur?
1139 1072 1140 1127 3

260 1125 393 1197 tejusdem
405 1126 482 1181 animi
493 1132 532 1182 est
544 1128 679 1199 Poppaeam
697 1126 781 1181 divam
797 1144 849 1181 non
863 1125 972 1191 eredere,
990 1130 1071 1197 eujus
1139 1142 1140 1191 ξ

280 1204 309 1257 in
319 1207 376 1259 aeta
388 1203 440 1259 divi
455 1204 568 1275 Augusti
583 1209 610 1260 et
626 1204 679 1261 diri
693 1202 756 1259 Juiii
769 1220 821 1258 non
833 1202 926 1274 jurare¹
963 1203 1070 1275 Spernit
1139 1212 1140 1267 ξ

259 1279 421 1352 treligiones,
441 1280 546 1353 abrogat
562 1280 641 1353 legas.
676 1281 776 1336 Dierna
791 1278 879 1351 populi
895 1280 1008 1335 Romani
1021 1298 1071 1351 per
1139 1278 1140 1331 ἶ

282 1357 429 1427 provinciis,
440 1376 486 1429 per
497 1358 623 1413 exereitus
634 1358 747 1415 curatius
758 1358 887 1429 leguntur,
899 1360 930 1412 ut
945 1362 1070 1413 noscatur
1139 1346 1140 1421 i

260 1434 343 1506 tquid
358 1434 468 1490 Thrasea
482 1453 534 1491 non
547 1435 644 1491 feeerit.
681 1436 735 1490 Ant
749 1438 907 1503 transeamus
923 1434 956 1489 ad
970 1434 1015 1489 illa
1028 1434 1068 1489 in-
1139 1434 1140 1493 i

281 1513 381 1577 stitnta,
393 1512 416 1567 si
427 1513 527 1583 potiora
537 1516 612 1568 sunt:
631 1516 677 1567 aut
688 1530 754 1567 nova
765 1511 926 1583 cupientibus
935 1512 1068 1566 anferatur
1139 1548 1140 1555 κ

281 1586 334 1642 dux
356 1594 383 1643 et
406 1593 502 1643 auotor.
541 1589 598 1644 Ista
620 1592 692 1644 aeota
713 1588 859 1645 Tuberones
882 1591 909 1644 et
932 1586 1064 1653 Fauonios,
1139 1612 1140 1657 3

259 1665 361 1720 treberi
372 1684 472 1737 qnoque
483 1666 520 1721 rei
531 1665 639 1737 publiea
650 1666 751 1738 ingrata
765 1667 874 1733 nomina,
892 1666 989 1738 genuit.
1025 1664 1067 1720 Ut

280 1742 413 1814 imperium
430 1748 552 1811 evertant,
567 1742 711 1800 libertatem
727 1744 881 1816 preferant:
900 1744 923 1800 si
939 1745 1064 1815 perverte-

259 1821 340 1885 9rint,
353 1819 496 1876 libertatem
510 1820 591 1892 ipsam
608 1821 795 1893 aggredientur.
830 1822 937 1877 Frustra
949 1819 1064 1876 Cassium

280 1897 551 1968 amoumti,siglisoere
559 1897 935 1968 etvigereBrutorumoemnlos
944 1915 1063 1968 passurus
1139 1897 1140 1906 ’

280 1991 316 2029 aa.
351 1974 468 2045 Denique
479 1973 542 2028 nihil
552 1973 607 2044 ipse
618 1973 651 2029 de
662 1975 772 2030 Thrasea
784 1975 929 2046 scripserim
943 1975 1063 2046 discepta-

245 2062 274 2108 10
281 2055 362 2106 torem
373 2054 489 2106 senatum
500 2049 572 2106 nobis
584 2050 722 2123 relinque.''
757 2052 865 2108 Extollit
873 2053 912 2108 ira
919 2055 1062 2122 promptum

281 2127 424 2183 Cossutiani
432 2128 542 2186 animum
552 2128 630 2194 Nero,
641 2128 776 2202 adjieitque
787 2129 938 2186 Mmoessm
949 2129 1060 2199 Eprium,

235 2205 333 2264 aaron
343 2205 492 2276 eloquentia
528 2207 565 2260 At
576 2206 685 2261 Baream
698 2207 820 2262 Soranum
826 2205 934 2278 jamsibi
946 2205 1060 2261 Ostorius
1093 2233 1099 2243 ·

281 2281 388 2336 Sabinus
408 2301 485 2352 eques
504 2282 635 2338 Romanus
654 2287 803 2354 poposcerat
823 2301 895 2338 reum
909 2301 941 2338 ex
961 2299 1060 2354 procon-

280 2357 365 2413 sulatu
381 2359 457 2425 Asia,
468 2359 496 2412 in
511 2377 562 2430 qua
576 2360 725 2414 offensiones
741 2359 861 2431 principis
879 2360 950 2414 auxit
963 2359 1060 2430 justitia

280 2441 356 2507 atque
376 2435 508 2500 industria,
525 2440 552 2490 et
570 2437 630 2507 quia
646 2437 733 2507 portui
746 2437 915 2508 Ephesiorum
930 2435 1059 2506 aperiendo

280 2530 366 2567 euram
377 2512 553 2584 insumpserat,
563 2513 665 2584 vimque
676 2513 786 2568 civitatis
799 2513 968 2585 Pergamenae,
981 2513 1060 2584 probi·

279 2588 363 2644 bentis
382 2589 505 2644 Acratum
524 2589 630 2645 Gaesaria
649 2589 768 2645 libertum
788 2593 886 2646 statuas
907 2594 934 2645 et
952 2589 1058 2660 picturas

259 2666 393 2733 tevehere
404 2665 511 2720 inultam
518 2666 644 2721 omiserat.
675 2665 725 2722 Sed
732 2666 830 2722 oriruini
837 2665 944 2722 dabatur
954 2665 1058 2720 amititia

281 2742 374 2808 Plauti,
386 2747 413 2798 et
425 2742 528 2798 ambitio
540 2743 700 2799 eonciliandse
711 2742 845 2815 provintiae
857 2742 889 2798 ad
904 2761 962 2813 spes
977 2760 1055 2798 noras.

259 2817 391 2892 t'iempus
403 2819 556 2874 damnationi
568 2819 693 2875 delectum
709 2838 759 2892 quo
777 2819 902 2876 'tiridates
918 2818 1055 2890 accipiendo

281 2898 408 2952 mnarum
427 2915 505 2969 regno
525 2896 685 2963 adventabat,
703 2901 734 2953 ut
754 2897 787 2954 ad
802 2902 907 2954 externa
921 2895 1056 2952 rumoribus
