2550 3500
156 473 177 509 A
197 471 217 510 D
237 469 284 518 1⁶}
388 405 585 456 ANNALIUM
603 407 639 457 11.
657 409 745 456 6-11.
932 411 964 456 63

155 521 306 586 ostentant,
326 521 434 587 turbati,
456 524 484 576 et
508 519 610 592 quidam
632 518 721 574 hausti
745 519 814 574 suut.
850 517 987 575 Metuntit

156 601 249 655 castra
269 596 365 656 Oaesari
378 599 589 672 Angrivariorum
611 597 722 652 defectio
740 599 844 667 atergo
862 598 962 651 nuntia-

155 681 222 730 tur:
244 673 340 730 missus
359 677 426 733 illico
447 675 585 731 Stertinius
605 692 666 729 cum
684 673 770 745 equite
786 677 813 728 et
834 678 962 728 armatura

155 753 218 818 levi,
246 751 308 822 igne
332 757 358 808 et
382 754 493 810 caehbus
518 751 649 825 perfidiam
671 751 743 806 ultus
766 754 813 805 est.
849 751 985 811 alumenu

156 829 286 900 Visurgis
304 830 434 887 Romarm
447 832 639 901 Cheruscosque
654 827 823 884 interfluebat.
859 829 923 901 Ejus
934 831 962 885 in

155 909 217 978 ripa
239 924 300 961 oum
319 910 411 965 ceteris
426 908 578 980 primoribus
594 907 726 962 Arminius
745 905 852 971 adstitit,
871 907 962 978 quaesi-

156 991 244 1056 toque
260 1003 295 1038 au
313 985 398 1042 Cesar
413 987 533 1052 venisset,
552 989 688 1058 postquam
705 983 794 1038 adesse
811 1002 961 1055 responsum

157 1067 207 1128 est,
228 1066 260 1116 ut
278 1061 367 1118 ficeret
385 1083 444 1120 cum
464 1065 543 1118 fratre
561 1062 671 1132 colloqui
687 1061 777 1116 orarit.
813 1061 876 1116 Erat
893 1062 916 1117 is
933 1063 983 1118 ina

157 1139 287 1204 exercitu,
300 1147 469 1212 cognomento
481 1141 581 1206 Flavus,
591 1140 699 1210 insignis
710 1138 760 1194 fide
772 1142 799 1194 et
810 1139 903 1194 amisso
914 1158 960 1212 per

157 1219 255 1274 vulnus
269 1219 343 1274 oculo
355 1220 441 1290 paucis
454 1224 513 1275 ante
523 1221 602 1288 annis,
612 1218 676 1273 duce
683 1218 792 1273 'liberio
827 1218 893 1273 Turn
904 1235 982 1290 per-3

157 1297 277 1359 missum,
290 1313 494 1369 progressusque
504 1295 630 1352 salutatur
642 1295 674 1350 ab
685 1295 817 1361 Arminio;
836 1295 880 1366 qni
892 1314 960 1351 amo-

157 1374 192 1428 tis
214 1372 392 1443 stipatoribus,
410 1379 440 1430 ut
460 1374 586 1448 sagittarii
605 1377 694 1429 nostra
708 1391 755 1444 pro
771 1373 827 1444 ripa
842 1373 960 1444 dispositi

157 1449 329 1506 abscederent
351 1453 473 1522 postulat,
495 1455 522 1508 et
542 1455 678 1522 postquam
698 1450 813 1522 digressi,
837 1451 905 1506 unde
928 1470 960 1507 ea

156 1527 310 1582 deformitas
322 1529 373 1584 oris
390 1529 531 1602 interrogat
549 1529 662 1583 fratrem.
698 1527 748 1582 illo
760 1527 843 1582 locum
854 1531 881 1582 et
893 1536 981 1598 prm-4
1051 1524 1053 1531 '

155 1605 222 1660 lium
241 1604 377 1672 referente,
391 1607 518 1678 quodnam
535 1605 667 1677 praemium
684 1605 822 1676 recepisset
839 1605 957 1677 exquirit.

155 1683 255 1736 Flavus
268 1687 343 1738 aucta
355 1683 487 1757 stipendia,
496 1687 614 1756 torquem
623 1686 650 1738 et
659 1701 777 1738 coronam
788 1682 886 1755 aliaque
894 1683 980 1740 mili-5

155 1761 226 1815 laria
237 1759 306 1815 dona
316 1770 446 1829 memorat,
459 1762 582 1818 irridente
593 1762 710 1817 Arminio
720 1762 782 1817 vilia
792 1762 890 1817 servitii
901 1781 958 1833 pre-

155 1839 202 1893 tie.
240 1838 311 1893 Exin
329 1839 423 1895 diversi
440 1840 582 1905 ordiuntur,
595 1839 637 1895 hic
651 1838 851 1911 magnitudinem
863 1839 1002 1900 Roma-10

155 1935 225 1981 nam,
234 1934 297 1987 opes
310 1917 417 1973 Caesaris
430 1921 457 1973 et
468 1918 543 1973 victis
555 1935 646 1989 graves
658 1935 752 1989 peenas,
765 1917 793 1971 in
804 1916 957 1973 deditionem

154 1996 272 2051 venienti
284 2001 398 2067 paratam
410 1998 568 2053 clementiam
580 2017 587 2063 ;
604 2016 687 2068 neque
699 1998 832 2069 conjugem
839 2001 865 2052 et
874 1997 954 2053 filium

154 2075 213 2145 ejus
225 2073 355 2129 hostiliter
366 2074 468 2130 haberi:
487 2074 530 2131 ille
541 2074 580 2129 fas
592 2075 688 2146 patria,
700 2075 843 2129 libertatern
852 2074 953 2141 avitam,

152 2151 301 2223 penetrales
317 2152 458 2207 Germaniae
470 2152 538 2219 deos,
551 2157 660 2207 matrem
671 2171 775 2224 precum
791 2152 901 2219 sociam3
920 2170 954 2207 ne

151 2229 358 2300 propinquorum
370 2233 396 2284 et
409 2229 536 2296 adfinium,
550 2229 659 2302 denique
676 2230 759 2301 gentis
772 2248 824 2284 suaa
839 2228 954 2284 desertor

153 2310 181 2362 et
194 2304 313 2377 proditor
325 2325 400 2377 quam
413 2307 550 2378 imperator
562 2326 617 2363 esse
630 2308 724 2363 mallet.
755 2305 882 2361 Paulatim
894 2307 977 2365 iudea

153 2384 186 2438 ad
195 2382 286 2456 jurgia
303 2383 415 2455 prolapsi
433 2403 483 2456 quo
501 2385 586 2440 minus
602 2403 717 2456 pugnam
733 2388 901 2449 consererent,
919 2402 952 2440 ne

153 2462 262 2517 flumine
281 2460 384 2531 quidem
403 2462 539 2535 interjecto
559 2462 749 2527 cohibebantur,
767 2461 795 2516 ni
813 2462 952 2518 Stertinius

155 2539 297 2594 adcurrens
315 2537 418 2609 plenum
441 2540 485 2595 irae
503 2559 621 2611 armaque
644 2543 671 2595 et
694 2558 787 2610 equum
805 2544 951 2610 poscentem

156 2615 265 2671 Flavum
286 2615 441 2672 attinuisset.
478 2617 637 2673 Cernebatur
655 2621 745 2673 contra
761 2616 975 2679 minitabundusa

155 2693 296 2759 Arminius,
310 2692 477 2764 praeliumque
490 2695 651 2751 denuntians.
686 2695 754 2751 Nam
766 2695 886 2767 pleraque
901 2694 951 2749 La

156 2771 210 2825 tino
226 2788 344 2826 sermone
361 2770 545 2843 interjaciebat,
564 2780 594 2829 ut
611 2773 656 2845 qui
672 2772 796 2828 Romanis
814 2773 842 2827 iu
859 2772 950 2827 castris

157 2846 249 2903 ductor
259 2848 421 2919 popularium
432 2850 574 2906 meruisset,
598 2851 707 2907 Postero
719 2851 759 2906 die
767 2851 949 2905 Genuanorum
962 2856 995 2911 ll

157 2925 223 2979 acies
235 2928 307 2980 trans
319 2926 452 2999 Visurgim
464 2928 544 2983 stetit.
558 2928 650 2995 Caesar,
662 2930 713 2984 nisi
728 2926 848 2999 pontibus
864 2925 950 2996 praesi-

158 3000 256 3075 diisque
267 3002 401 3075 impositis,
414 3003 474 3061 dare
486 3004 513 3060 in
524 3004 659 3062 discumen
669 3006 782 3078 legiones
792 3002 862 3059 hand
873 3002 950 3073 impe
