2550 3500
403 384 600 434 ANNALIUM
617 386 638 437 l.
651 389 756 437 Μ.
945 391 979 444 27

175 450 202 488 a
211 449 239 488 n.
251 448 297 498 ra]

174 519 257 568 quam
280 496 448 562 offerentium,
466 497 543 552 decus
561 498 632 554 istud
647 503 675 554 et
690 499 816 556 claritudo
831 501 874 568 sit,
890 504 980 558 snbve-

174 577 248 630 nisse
261 576 381 630 Romano
392 574 496 641 nomini,
510 577 689 646 compressisse
705 579 846 634 Gemanica
864 580 979 652 populos.

175 653 242 718 Tua,
254 652 315 708 dive
327 655 452 724 Auguste,
464 652 524 708 caelo
536 659 639 724 recepta
649 674 731 722 mens,
742 661 796 721 tua,
805 661 878 728 pater
885 659 978 723 Druse,
989 665 1006 711 4

173 730 275 802 imago,
289 730 331 784 tui
342 730 462 784 memoria
473 730 553 784 isdem
565 731 622 787 istis
634 751 693 787 oum
709 732 839 798 militibus,
852 752 917 805 quos
927 735 981 807 jam

176 810 265 880 pudor
277 815 306 864 et
324 809 405 880 gloria
416 809 503 874 intrat,
512 809 598 864 eluant
610 811 676 866 hano
686 812 817 879 maculam,
835 813 936 883 irasque
947 814 981 868 ci·

178 887 244 942 viles
257 887 287 941 in
299 885 405 941 exitium
417 886 533 942 hostibus
546 893 656 943 vertant.
692 889 747 944 Vos
755 907 863 960 quoque,
873 900 1005 961 quorum&

179 965 229 1018 alia
241 983 313 1019 nune
325 981 377 1028 ora,
391 963 440 1018 alia
451 969 555 1034 pectora
570 971 700 1031 contueor,
719 967 742 1021 si
757 967 856 1039 legatos
872 968 980 1033 senatui,

179 1041 335 1113 obsequium
348 1040 501 1111 imperatori,
518 1042 540 1096 si
557 1043 620 1097 milri
635 1044 770 1114 conjugem
788 1049 815 1098 et
832 1044 912 1098 tilium
926 1044 982 1099 red-

180 1119 251 1184 ditis,
276 1117 399 1172 discedite
423 1136 438 1172 a
461 1124 590 1185 contactu,
611 1133 641 1175 ae
662 1119 767 1176 dividite
790 1121 914 1176 turbidos,
949 1121 983 1176 Id

180 1198 275 1254 stabile
288 1196 321 1251 ad
335 1197 514 1267 penitentiam,
527 1197 555 1252 id
565 1197 625 1253 fidei
635 1199 765 1254 vinculum
777 1200 852 1254 erit.''

217 1275 353 1346 Supplices
365 1273 398 1328 ad
409 1274 470 1342 hoec,
483 1279 509 1329 et
517 1293 577 1330 vera
588 1276 738 1346 exprobrari
746 1277 866 1342 fatentes,
876 1276 982 1332 orabant
991 1272 1028 1326 44

180 1353 287 1424 puniret
299 1352 396 1417 noxios,
410 1352 554 1423 ignosceret
566 1353 651 1424 lapsis,
665 1358 692 1408 et
707 1354 811 1409 duceret
823 1354 851 1409 in
862 1354 961 1409 hostem
975 1374 982 1419 ;

181 1433 347 1486 revocaretur
370 1430 471 1499 conjux,
496 1430 591 1485 rediret
614 1431 743 1501 legionum
767 1431 891 1496 alumnus,
917 1450 982 1486 neve

182 1508 258 1563 obses
272 1507 351 1562 Gallis
363 1506 516 1562 traderet-ur.
552 1508 677 1562 Reditum
689 1508 837 1580 Agrippinae
849 1510 1007 1563 excusarit2

184 1586 216 1640 ob
229 1585 405 1640 imminentem
423 1589 525 1656 parturn
540 1590 566 1640 et
584 1586 710 1652 hiemem3
729 1592 865 1640 venturum
884 1586 981 1640 lilium:

184 1667 270 1718 cetera
281 1662 332 1734 ipsi
344 1667 550 1732 exsequerentur.
587 1663 744 1718 Discurrunt
759 1664 859 1730 mutati,
877 1670 904 1718 et
918 1663 1008 1724 sedi-3

183 1740 350 1797 tiosisaimum
365 1758 489 1811 quemque
501 1740 601 1796 vinctos
619 1741 726 1795 trahunt
744 1740 776 1796 ad
793 1740 906 1813 legatum
923 1740 984 1813 legi-

184 1819 240 1873 onis
258 1818 347 1889 primm
366 1818 395 1873 Ο.
409 1818 572 1883 Caetronium,
592 1819 636 1889 qui
654 1818 779 1891 judicium
800 1827 827 1874 et
845 1838 930 1890 poenas
952 1819 984 1874 de

184 1896 292 1967 singulis
313 1895 341 1949 in
361 1895 429 1951 huno
450 1894 553 1949 modurn
574 1897 696 1951 exercuit.
733 1896 841 1951 Stabant
862 1915 909 1968 pro
926 1909 1008 1954 con-4

185 1974 257 2028 oione
274 1972 387 2044 legiones
404 1972 532 2028 destrictis
550 1973 658 2045 gladiis3
676 1992 736 2028 reus
751 1974 779 2028 in
796 1979 921 2045 suggestu
938 1993 984 2045 per

185 2050 317 2105 tribunum
338 2048 534 2105 ostendebatur:
580 2050 603 2105 si
623 2055 757 2105 nocentem
773 2050 982 2116 adclamaverunt,

185 2146 298 2198 praeceps
311 2126 385 2181 datus
397 2126 581 2183 trucidabatur.
617 2127 653 2181 Et
665 2128 793 2199 pudebat
810 2128 921 2183 cedibus
936 2129 1007 2185 rui-5

185 2206 231 2270 les,
256 2209 378 2277 tanquam
401 2213 482 2261 semet
506 2204 663 2271 absolveret3
692 2224 740 2259 nec
763 2205 849 2260 Caesar
872 2206 982 2271 arcebat,

187 2281 287 2354 quando
298 2281 368 2337 nullo
379 2282 460 2353 ipsius
469 2282 544 2353 jussu
556 2301 633 2353 penes
646 2281 748 2337 eoadem
764 2282 863 2337 sevitia
878 2282 940 2338 lacti
956 2289 983 2339 et

186 2359 282 2416 invidia
299 2364 362 2415 erat.
400 2359 487 2415 Secuti
507 2360 651 2431 exemplum
674 2359 788 2413 veterani
810 2359 879 2414 haud
902 2361 1007 2418 mulae

187 2441 246 2509 post
257 2437 284 2491 in
296 2436 405 2492 Raetiam
416 2438 563 2501 mittuntur,
577 2437 661 2507 specie
673 2436 837 2492 defendendae
848 2438 983 2509 provincia

188 2515 220 2570 ob
237 2514 396 2569 imminentes
412 2515 516 2579 Suevos,
534 2518 648 2569 ceterum
659 2519 690 2568 ut
702 2514 871 2569 avellerentur
882 2516 982 2582 castris,

188 2591 304 2647 trucibus
328 2590 410 2646 adhuc
432 2610 485 2646 non
507 2590 591 2647 minus
616 2591 754 2662 asperitate
777 2592 883 2647 remedii
907 2612 983 2663 quam

190 2668 288 2725 sceleris
307 2668 434 2723 memoria.
471 2668 684 2724 centurionatum
704 2669 764 2725 inde
782 2670 843 2741 egit.
881 2670 1008 2729 citatus?

192 2746 220 2802 ab
235 2747 386 2817 imperatore
404 2764 504 2812 nomen,
519 2746 641 2811 ordinem,
658 2747 773 2817 patriam,
790 2766 924 2802 nnmerum
940 2748 984 2802 sti-

191 2823 336 2894 pendiorum
351 2841 406 2894 quae
423 2827 526 2879 strenua
542 2824 570 2879 in
587 2824 681 2895 preliis
693 2824 804 2889 fecisset,
817 2829 845 2879 et
856 2824 899 2878 cui
910 2828 984 2878 erant

193 2900 254 2955 dona
264 2900 389 2966 militaria,
406 2900 505 2956 edebat.
543 2901 571 2955 Si
586 2901 692 2966 tribuni,
711 2902 733 2955 si
747 2901 813 2972 legio
831 2900 1009 2954 industriam8

193 2977 406 3051 innocentiamque
424 2977 632 3050 adprobaverant,
651 2978 778 3036 retinebat
801 2976 920 3031 ordines:
939 2975 984 3031 ubi
