2550 3500
292 379 323 426 14
621 367 740 419 raom

927 429 1077 474 aucam.

289 485 318 539 in
335 501 395 556 paco
412 484 510 538 tentare
526 499 582 552 qne
597 499 629 537 ne
645 481 755 537 civilium
770 479 871 552 quidem
935 498 1007 536 orum
1023 483 1079 538 vic·

291 565 359 616 tores
375 559 597 630 expostulaverint,
609 577 654 614 cur
670 563 758 614 contra
772 575 868 612 morem
882 557 1004 629 obsequii,
1015 576 1082 614 con-

291 642 333 693 tra
344 638 382 692 los
394 636 530 708 disciplinas
541 636 593 691 vim
605 635 778 691 meditentur?
796 634 958 689 decernerent
969 635 1079 706 legatos,

270 727 369 785 noeque
390 731 473 770 coram
493 712 611 767 mandata
628 712 725 768 darent
759 711 944 777 Acclamnvere,
961 719 992 766 ut
1009 712 1081 768 filins

292 791 369 847 Blaesi
380 791 496 850 tribunus
512 788 638 860 legatione
654 807 684 844 ea
698 789 854 860 iungeretur,
866 792 1015 859 peteretque
1030 791 1080 845 mi·
1135 859 1137 867 y

292 869 380 924 litibus
392 868 535 922 missionem
544 867 575 922 ab
587 867 695 922 sedecim
707 867 793 922 annis:
812 871 896 922 cetera
906 867 1080 940 mandaturos,

271 945 339 1006 tubi
361 945 442 1015 prima
464 944 646 1014 provenissent.
692 944 812 998 Proiecto
835 944 928 1014 juvenc
951 944 1081 1000 modicum
1135 990 1137 1014 ,

295 1022 391 1078 otium:
410 1020 456 1076 sed
476 1020 605 1091 superbire
624 1020 704 1086 miles,
723 1019 790 1090 quod
809 1019 876 1074 filius
896 1019 974 1092 legati
993 1027 1081 1077 orator
1135 1032 1136 1041 ¹

295 1098 400 1170 publicae
412 1115 494 1153 causac
506 1097 567 1152 satis
577 1097 721 1152 ostenderet
731 1097 881 1152 necessitate
892 1115 1012 1168 expressa
1022 1117 1082 1170 quae
1135 1166 1136 1169 Ἴ

296 1194 341 1246 per
353 1174 500 1230 modestiam
512 1193 564 1228 non
575 1174 751 1229 obtinuissent.
1135 1212 1136 1215 η

252 1253 290 1310 20
330 1252 433 1307 Interea
450 1250 570 1320 manipuli
590 1254 649 1305 ante
671 1259 779 1320 emptam
796 1249 945 1304 seditionem
963 1250 1083 1322 Naupor-

297 1332 352 1386 tum
376 1327 447 1383 missi
469 1327 502 1382 ob
522 1327 613 1382 itinera
633 1331 660 1381 et
683 1331 774 1396 pontes
793 1330 820 1380 et
840 1326 902 1380 alios
921 1345 991 1396 usus,
1011 1333 1083 1398 post-

298 1423 372 1477 quam
385 1404 516 1460 turbatum
532 1404 559 1458 in
575 1404 664 1458 castris
681 1421 805 1473 accepere,
822 1403 914 1458 vexilla
929 1403 1082 1470 convellunt,
1135 1462 1136 1481 ,

298 1483 453 1553 direptisque
461 1475 588 1552 'proximis
601 1481 662 1535 vicis
674 1480 778 1551 ipsoque
794 1480 934 1549 Nauporto,
947 1481 1014 1552 quod
1028 1502 1084 1537 mu·
1135 1548 1136 1551 Ἴ

298 1559 384 1630 nioipii
406 1559 486 1613 instar
514 1561 575 1623 erat,
600 1557 739 1612 retinentes
767 1557 926 1612 centuriones
953 1559 1029 1613 irrisu
1056 1564 1084 1614 et

299 1635 465 1700 contumeliis,
476 1638 603 1704 postremo
619 1633 764 1708 verberibus
781 1634 945 1700 insectantur,
957 1636 1086 1706 praecipua

299 1713 327 1769 in
343 1712 504 1768 Aufidienum
521 1711 618 1767 Rufum
634 1710 781 1781 praefectum
797 1715 937 1766 castrorum
951 1711 996 1779 ira,
1009 1731 1085 1784 quem
1135 1706 1136 1762 ἴ

300 1790 432 1860 dereptum
447 1787 561 1843 vehiculo
578 1788 682 1842 sarcinis
699 1792 805 1858 gravant
822 1792 951 1859 aguntque
965 1789 1046 1859 primo
1057 1792 1086 1846 in
1135 1813 1136 1820 ¹

301 1866 408 1937 agmine,
417 1883 462 1936 per
474 1863 609 1919 ludibrium
619 1865 758 1935 rogitantes
767 1883 801 1919 an
810 1872 863 1919 tam
871 1866 994 1921 immensa
1002 1885 1085 1935 onera,

278 1948 354 1998 tiam
371 1943 446 2013 longa
463 1942 560 2007 itinera,
578 1941 685 1996 libenter
699 1942 785 1997 terret.
820 1942 922 2013 Quippe
940 1944 1025 1999 Rufus
1041 1944 1086 2000 din
1135 1935 1136 1968 ³

302 2019 469 2090 manipularis,
480 2018 538 2073 dein
558 2018 680 2084 centurio,
692 2036 751 2073 mox
763 2019 853 2073 castris
869 2020 1011 2089 praefectus,
1022 2022 1087 2076 anti-
1135 2037 1136 2086 ζ

302 2116 377 2169 qnam
401 2096 537 2166 dmamque
560 2095 675 2151 militiam
698 2094 840 2163 revocabat,
860 2105 934 2151 vetus
954 2098 1037 2168 operis
1057 2117 1087 2155 ae

302 2173 401 2240 laboris,
413 2176 440 2228 et
451 2190 481 2227 eo
493 2172 613 2226 immitior
625 2172 684 2243 quia
695 2172 853 2228 toleraverat.

260 2247 295 2304 21
338 2251 437 2304 Horum
450 2247 559 2303 adventu
570 2248 758 2320 redintegratur
769 2248 869 2315 seditio,
878 2252 905 2305 ct
914 2250 973 2321 vagi
983 2251 1088 2307 circum-

281 2332 296 2379 2
301 2328 371 2397 jecta
393 2324 584 2397 populabantur.
626 2325 725 2381 Blaesus
748 2344 849 2397 paucos,
873 2327 981 2382 maxime
1004 2329 1088 2399 preda

304 2406 416 2470 onustos,
429 2402 461 2457 ad
472 2406 593 2457 terrorem
603 2406 744 2458 ceterorum
756 2403 828 2458 adfici
841 2403 997 2470 verberibus,
1005 2406 1088 2461 claudi

305 2496 403 2534 carcere
412 2478 501 2551 jubet:
520 2497 578 2535 nam
591 2479 667 2533 etiam
679 2483 734 2534 tum
742 2479 827 2551 legato
839 2498 855 2534 a
865 2481 1056 2538 centurionibus
1061 2488 1087 2539 et
1135 2515 1137 2567 q

282 2556 400 2627 soptimo
424 2574 522 2627 quoque
545 2556 737 2626 manipularium
759 2556 902 2627 parebatur.
943 2558 986 2613 Illi
1009 2558 1088 2616 obniti
1135 2572 1137 2586 '

305 2632 471 2698 trahentibus,
481 2651 598 2703 prensare
608 2632 824 2689 circumstantium
832 2653 923 2706 genua,
939 2635 1005 2691 ciere
1015 2637 1087 2693 modo
1135 2609 1136 2674 l

305 2711 406 2767 nomina
429 2709 592 2781 singulorum,
616 2708 691 2764 modo
718 2711 858 2765 centuriam
884 2712 991 2783 quisque
1018 2715 1087 2785 cnjus

305 2787 466 2859 manipularis
485 2790 547 2854 erat,
564 2786 700 2852 cohortem,
719 2786 852 2859 legionem,
870 2788 956 2844 eadem
975 2791 1087 2847 omnibns

282 2864 435 2921 dimminerc
447 2864 610 2920 clamitantes.
646 2863 727 2918 Simul
737 2864 830 2935 probra
840 2866 867 2919 in
881 2865 993 2937 legatum
1005 2884 1088 2924 enmu-

307 2942 368 3013 lant,
386 2942 473 3001 celum
492 2959 522 2999 ac
540 2940 600 2997 deos
619 2939 787 3010 obtestantur,
806 2942 870 2999 nihil
887 2942 977 3015 reliqui
995 2943 1087 3003 faciunt
