2550 3500
384 368 579 418 ANNALIUM
595 368 651 417 xv.
664 370 766 417 55-59.
923 371 972 423 867

185 433 300 483 sess]

185 484 322 557 pervicere,
346 481 409 553 quin
431 480 531 552 obieeta
550 479 695 553 denegaret.
732 462 779 535 Sic
795 480 890 551 primns
908 500 974 554 quss-

186 562 277 618 stionis
292 560 347 615 dies
359 562 528 630 contemptus.
563 559 674 615 Postero
686 576 744 613 com
760 557 793 613 sd
804 558 906 615 eosdem
918 571 999 618 eru-8

186 639 272 695 ciatrm
296 638 471 693 retraheretur
493 636 634 708 gestamine
658 636 734 702 selle,
756 637 826 707 (nam
850 636 977 693 dissolutis

186 716 305 773 membris
315 715 433 771 insistere
443 714 586 785 nequibat)
596 714 680 770 vinclo
691 714 784 783 fascis,
792 732 867 785 quam
878 715 977 786 pectori

186 794 339 858 detraxerat,
351 793 379 847 in
395 791 498 847 modum
514 792 600 863 laquei
617 791 650 847 ad
668 810 754 847 ereum
771 792 838 847 sellae
856 793 976 847 restricto

186 871 278 928 indidit
296 871 428 936 cervicem,
448 873 476 924 et
496 870 608 941 eorporis
624 869 735 940 pondere
753 870 858 925 connisa
873 874 977 925 tenuem

130 951 131 960 ’
184 949 249 1021 jarnv
267 948 386 1019 spiritum
414 946 555 1017 expressit3
579 945 686 1002 clariore
715 948 830 1019 exemplo
859 946 993 1002 libertins'

186 1026 279 1081 mulier
300 1025 328 1080 in
346 1027 420 1079 tenta
437 1023 590 1079 necessitate
610 1024 705 1079 alienos
724 1042 754 1080 sc
773 1043 852 1097 prope
875 1025 978 1097 ignotos

186 1101 351 1175 protegendo,
374 1120 433 1158 eum
455 1101 561 1173 ingenui
583 1104 611 1157 et
629 1102 679 1158 riri
699 1105 726 1157 et
747 1103 846 1173 equites
867 1102 979 1158 Romani

187 1184 374 1250 senatoresque,
386 1180 477 1235 intacti
488 1178 629 1245 tormentis,
643 1178 772 1235 carissime
789 1198 893 1235 suorum
910 1181 979 1252 quis-

187 1277 238 1331 que
257 1258 392 1330 pignorum
411 1256 555 1329 proderent.
590 1257 654 1311 Non
674 1256 743 1311 enirn
759 1257 910 1313 omittebant
926 1258 1002 1313 liu-s

130 1329 131 1334 ἵ
187 1354 267 1393 canus
278 1352 377 1406 quoque
388 1338 415 1389 et
427 1335 532 1390 Senecio
543 1337 571 1390 et
582 1334 739 1394 Quintianus
751 1334 845 1406 passim
862 1334 978 1391 conscios

177 1414 271 1479 edere,
283 1412 365 1485 msgis
380 1411 512 1484 magisque
522 1411 615 1483 parido
627 1412 739 1477 Nerone,
753 1429 896 1483 quenquam
914 1412 993 1481 marl-¹

187 1490 310 1562 tiplicstis
333 1489 446 1545 excubiis
470 1496 551 1545 semet
568 1490 703 1560 nupsisset
740 1488 1024 1555 omnesomnes

188 1586 235 1640 per
252 1567 393 1639 manipulos
410 1566 540 1637 occupetis
557 1566 689 1633 moenibus,
708 1567 806 1621 insesso
821 1566 898 1621 etism
913 1565 977 1622 msri

188 1648 217 1701 et
228 1663 310 1713 amne,
321 1643 431 1700 velutin
445 1642 586 1698 custodiam
602 1642 680 1699 dedit.
715 1642 916 1715 Volitsbsntque
933 1654 1002 1715 pers

188 1724 252 1790 iore,
265 1742 310 1796 per
321 1722 418 1789 domos,
431 1740 491 1778 rura
502 1738 603 1794 quoquc
614 1725 642 1778 et
653 1722 767 1794 proxime
774 1722 976 1795 municipiorum,

189 1801 289 1873 pedites
307 1800 464 1872 equitesque,
482 1800 601 1871 permixti
619 1800 758 1868 Germanis,
776 1799 867 1872 quibus
885 1801 979 1857 fidebat

190 1878 389 1950 princepsquasi
397 1878 517 1933 externis.
547 1877 1004 1952 Gontinuehincetrinctaegminat

189 1956 266 2022 trahi,
279 1973 309 2012 ac
321 1955 419 2011 foribus
430 1955 564 2010 hortorum
575 1955 696 2027 adjacere.
731 1958 819 2028 Atque
833 1955 879 2012 uhi
897 1957 980 2012 dicen·

190 2033 249 2087 dam
269 2032 303 2087 sd
320 2050 422 2088 causam
440 2033 596 2098 introissent,
613 2033 730 2089 laetatum
747 2051 809 2104 erga
825 2033 979 2105 conjuratos,

191 2109 237 2166 sed
247 2110 370 2165 fortuitus
382 2128 465 2165 sermo
476 2114 503 2165 et
514 2110 595 2166 subiti
605 2127 733 2176 occursus,
748 2111 770 2165 ai
788 2111 938 2176 cenuvium,
957 2110 981 2166 si

191 2185 363 2259 spectaculum
386 2185 462 2242 simul
479 2187 594 2252 inissent,
614 2205 662 2258 pro
681 2187 784 2242 crimine
806 2187 903 2258 scoipi3
921 2203 980 2242 curn

192 2282 269 2336 snper
288 2263 399 2320 Neronis
415 2281 446 2319 ec
464 2263 582 2334 Tigellini
597 2281 676 2318 saeves
692 2263 912 2334 percunctationes
927 2263 981 2320 rs·

191 2343 250 2397 nius
262 2359 363 2413 quoque
374 2341 461 2397 Rufus
472 2341 596 2396 violenter
606 2344 719 2412 urgeret,
730 2340 842 2396 nondum
854 2339 886 2397 ah
894 2341 981 2397 indici-

191 2419 241 2475 bus
260 2420 412 2486 nominatus‚
434 2417 480 2474 sed
498 2417 644 2490 quotidem
662 2419 768 2475 inscitiae
783 2423 891 2492 peroret,
907 2425 981 2476 atrox

193 2497 314 2552 adversus
326 2497 417 2553 socios.
451 2495 525 2552 ldem
538 2495 630 2552 Subrio
641 2497 719 2552 Flavo
731 2497 861 2554 assistenti
872 2501 1006 2554 annuens

192 2577 273 2646 tique,
284 2592 317 2629 an
327 2574 396 2629 inter
405 2573 488 2642 ipsam
499 2574 669 2646 cognitionem
685 2573 854 2648 destringeret
870 2575 982 2647 gladium

193 2651 337 2722 wdemque
360 2654 481 2723 patraret,
505 2650 591 2706 renuit
613 2651 768 2723 infregitque
786 2653 909 2724 impetum
929 2653 982 2724 jsm

192 2747 296 2784 manum
307 2728 340 2784 ad
351 2724 469 2800 capulum
480 2729 622 2785 referentis.
658 2727 741 2785 Fuere
753 2729 797 2801 qui
808 2729 909 2801 prodita
924 2747 981 2785 conn
991 2729 1029 2786 59

130 2820 131 2835 ¹
191 2806 326 2878 juratione,
340 2805 401 2861 dum
412 2805 516 2861 auditur
526 2806 656 2873 Milichus,
666 2805 726 2861 dnm
734 2805 834 2861 dubitat
844 2805 981 2872 dratinus,

193 2884 357 2939 hortarentur
364 2882 483 2938 Pisonem
491 2901 597 2956 pergere
608 2883 636 2939 in
644 2887 729 2939 cestre
739 2887 784 2938 sut
793 2884 889 2938 Rostra
897 2899 983 2937 essen-

194 2959 263 3028 dere,
274 2960 410 3033 studisque
420 2959 530 3016 militum
541 2964 569 3018 et
579 2961 667 3034 pepuli
673 2963 780 3018 tecture.
816 2958 982 3016 errantibus
992 2962 1009 3010 2
