<?xml version="1.0" encoding="UTF-8"?>
<!DOCTYPE html PUBLIC "-//W3C//DTD XHTML 1.0 Transitional//EN"
    "http://www.w3.org/TR/xhtml1/DTD/xhtml1-transitional.dtd">
<html xmlns="http://www.w3.org/1999/xhtml" xml:lang="en" lang="en">
 <head>
  <title>
</title>
<meta http-equiv="Content-Type" content="text/html;charset=utf-8" />
  <meta name='ocr-system' content='tesseract 3.04.00' />
  <meta name='ocr-capabilities' content='ocr_page ocr_carea ocr_par ocr_line ocrx_word'/>
</head>
<body>
  <div class='ocr_page' id='page_1' title='image "./operaomniaadfid01tacigoog_0208.png"; bbox 0 0 2550 3500; ppageno 0'>
   <div class='ocr_carea' id='block_1_1' title="bbox 291 358 739 408">
    <p class='ocr_par' dir='ltr' id='par_1_1' title="bbox 291 358 739 408">
     <span class='ocr_line' id='line_1_1' title="bbox 291 358 739 408; baseline -0.004 -1"><span class='ocrx_word' id='word_1_1' title='bbox 291 362 338 408; x_wconf 85' lang='lat'>202</span> <span class='ocrx_word' id='word_1_2' title='bbox 620 358 739 407; x_wconf 86' lang='lat' dir='ltr'>TACITI</span> 
     </span>
    </p>
   </div>
   <div class='ocr_carea' id='block_1_2' title="bbox 918 418 1147 467">
    <p class='ocr_par' dir='ltr' id='par_1_2' title="bbox 918 418 1147 467">
     <span class='ocr_line' id='line_1_2' title="bbox 918 418 1147 467; baseline 0.013 -10"><span class='ocrx_word' id='word_1_3' title='bbox 918 418 1022 467; x_wconf 53' lang='lat' dir='ltr'>[auae.</span> <span class='ocrx_word' id='word_1_4' title='bbox 1034 419 1081 461; x_wconf 82' lang='lat' dir='ltr'>rsa.</span> <span class='ocrx_word' id='word_1_5' title='bbox 1145 429 1147 440; x_wconf 89' lang='grc'><strong><em>·</em></strong></span> 
     </span>
    </p>
   </div>
   <div class='ocr_carea' id='block_1_3' title="bbox 246 469 1087 1003">
    <p class='ocr_par' dir='ltr' id='par_1_3' title="bbox 246 469 1087 1003">
     <span class='ocr_line' id='line_1_3' title="bbox 291 469 1085 543; baseline -0.001 -18"><span class='ocrx_word' id='word_1_6' title='bbox 291 471 373 543; x_wconf 88' lang='lat' dir='ltr'>prima</span> <span class='ocrx_word' id='word_1_7' title='bbox 389 469 530 541; x_wconf 74' lang='lat' dir='ltr'><strong>postremis,</strong></span> <span class='ocrx_word' id='word_1_8' title='bbox 550 473 577 524; x_wconf 93' lang='lat' dir='ltr'>et</span> <span class='ocrx_word' id='word_1_9' title='bbox 600 470 666 525; x_wconf 90' lang='lat' dir='ltr'>bona</span> <span class='ocrx_word' id='word_1_10' title='bbox 683 470 796 541; x_wconf 79' lang='lat' dir='ltr'>juventa,</span> <span class='ocrx_word' id='word_1_11' title='bbox 816 470 934 523; x_wconf 88' lang='lat' dir='ltr'>senectus</span> <span class='ocrx_word' id='word_1_12' title='bbox 954 469 1085 539; x_wconf 85' lang='lat' dir='ltr'>flagitiosa</span> 
     </span>
     <span class='ocr_line' id='line_1_4' title="bbox 246 545 1085 618; baseline 0 -18"><span class='ocrx_word' id='word_1_13' title='bbox 246 546 455 603; x_wconf 84' lang='lat' dir='ltr'>33oblitteravit.</span> <span class='ocrx_word' id='word_1_14' title='bbox 492 548 528 601; x_wconf 84' lang='lat' dir='ltr'>At</span> <span class='ocrx_word' id='word_1_15' title='bbox 546 564 578 601; x_wconf 86' lang='lat' dir='ltr'>ex</span> <span class='ocrx_word' id='word_1_16' title='bbox 593 546 688 618; x_wconf 86' lang='lat' dir='ltr'>regulis</span> <span class='ocrx_word' id='word_1_17' title='bbox 705 547 775 617; x_wconf 89' lang='lat' dir='ltr'>prior</span> <span class='ocrx_word' id='word_1_18' title='bbox 792 545 957 600; x_wconf 76' lang='lat' dir='ltr'><strong>Mithridates</strong></span> <span class='ocrx_word' id='word_1_19' title='bbox 973 546 1085 600; x_wconf 81' lang='lat' dir='ltr'>Pharas·</span> 
     </span>
     <span class='ocr_line' id='line_1_5' title="bbox 292 622 1086 694; baseline -0.004 -15"><span class='ocrx_word' id='word_1_20' title='bbox 292 643 391 680; x_wconf 89' lang='lat' dir='ltr'>manem</span> <span class='ocrx_word' id='word_1_21' title='bbox 407 623 517 694; x_wconf 74' lang='lat' dir='ltr'>perpulit</span> <span class='ocrx_word' id='word_1_22' title='bbox 535 622 592 677; x_wconf 87' lang='lat' dir='ltr'>dolo</span> <span class='ocrx_word' id='word_1_23' title='bbox 608 628 635 678; x_wconf 91' lang='lat' dir='ltr'>et</span> <span class='ocrx_word' id='word_1_24' title='bbox 652 624 677 678; x_wconf 87' lang='lat' dir='ltr'>vi</span> <span class='ocrx_word' id='word_1_25' title='bbox 693 628 799 678; x_wconf 88' lang='lat' dir='ltr'>conatus</span> <span class='ocrx_word' id='word_1_26' title='bbox 816 640 875 677; x_wconf 88' lang='lat' dir='ltr'>suos</span> <span class='ocrx_word' id='word_1_27' title='bbox 889 622 987 693; x_wconf 85' lang='lat' dir='ltr'>juvare,</span> <span class='ocrx_word' id='word_1_28' title='bbox 998 641 1086 693; x_wconf 89' lang='lat' dir='ltr'>reper-</span> 
     </span>
     <span class='ocr_line' id='line_1_6' title="bbox 292 699 1087 772; baseline -0.004 -16"><span class='ocrx_word' id='word_1_29' title='bbox 292 702 364 772; x_wconf 80' lang='lat' dir='ltr'>tique</span> <span class='ocrx_word' id='word_1_30' title='bbox 389 705 548 771; x_wconf 82' lang='lat' dir='ltr'>corruptores</span> <span class='ocrx_word' id='word_1_31' title='bbox 571 700 701 755; x_wconf 88' lang='lat' dir='ltr'>ministros</span> <span class='ocrx_word' id='word_1_32' title='bbox 729 700 831 754; x_wconf 87' lang='lat' dir='ltr'>Arsacis</span> <span class='ocrx_word' id='word_1_33' title='bbox 854 699 936 754; x_wconf 92' lang='lat' dir='ltr'>multo</span> <span class='ocrx_word' id='word_1_34' title='bbox 964 718 1028 753; x_wconf 90' lang='lat' dir='ltr'>auro</span> <span class='ocrx_word' id='word_1_35' title='bbox 1051 700 1087 754; x_wconf 89' lang='lat' dir='ltr'>ad</span> 
     </span>
     <span class='ocr_line' id='line_1_7' title="bbox 270 777 1087 849; baseline -0.004 -15"><span class='ocrx_word' id='word_1_36' title='bbox 270 778 375 834; x_wconf 68' lang='lat' dir='ltr'>ascelus</span> <span class='ocrx_word' id='word_1_37' title='bbox 397 782 501 849; x_wconf 84' lang='lat' dir='ltr'>cogunt.</span> <span class='ocrx_word' id='word_1_38' title='bbox 530 777 620 839; x_wconf 66' lang='lat' dir='ltr'>vSimul</span> <span class='ocrx_word' id='word_1_39' title='bbox 636 778 707 833; x_wconf 86' lang='lat' dir='ltr'>Iberi</span> <span class='ocrx_word' id='word_1_40' title='bbox 723 777 823 849; x_wconf 83' lang='lat' dir='ltr'>magnis</span> <span class='ocrx_word' id='word_1_41' title='bbox 841 777 920 847; x_wconf 89' lang='lat' dir='ltr'>copiis</span> <span class='ocrx_word' id='word_1_42' title='bbox 937 777 1087 831; x_wconf 77' lang='lat' dir='ltr'>Armenian</span> 
     </span>
     <span class='ocr_line' id='line_1_8' title="bbox 292 854 1087 925; baseline -0.003 -16"><span class='ocrx_word' id='word_1_43' title='bbox 292 855 444 925; x_wconf 88' lang='lat' dir='ltr'>irrumpunt,</span> <span class='ocrx_word' id='word_1_44' title='bbox 455 859 482 909; x_wconf 88' lang='lat' dir='ltr'>et</span> <span class='ocrx_word' id='word_1_45' title='bbox 493 854 556 909; x_wconf 89' lang='lat' dir='ltr'>urbe</span> <span class='ocrx_word' id='word_1_46' title='bbox 564 856 690 908; x_wconf 74' lang='lat' dir='ltr'>Artaxata</span> <span class='ocrx_word' id='word_1_47' title='bbox 698 855 839 924; x_wconf 88' lang='lat' dir='ltr'>potiuntur.</span> <span class='ocrx_word' id='word_1_48' title='bbox 874 854 937 918; x_wconf 81' lang='lat' dir='ltr'>Quae</span> <span class='ocrx_word' id='word_1_49' title='bbox 947 858 1087 924; x_wconf 89' lang='lat' dir='ltr'>postquam</span> 
     </span>
     <span class='ocr_line' id='line_1_9' title="bbox 293 930 1087 1003; baseline 0 -18"><span class='ocrx_word' id='word_1_50' title='bbox 293 932 424 986; x_wconf 86' lang='lat' dir='ltr'>Artabano</span> <span class='ocrx_word' id='word_1_51' title='bbox 442 932 551 1003; x_wconf 81' lang='lat' dir='ltr'>cognita,</span> <span class='ocrx_word' id='word_1_52' title='bbox 570 931 651 985; x_wconf 90' lang='lat' dir='ltr'>filium</span> <span class='ocrx_word' id='word_1_53' title='bbox 668 930 779 985; x_wconf 84' lang='lat' dir='ltr'>Orodem</span> <span class='ocrx_word' id='word_1_54' title='bbox 797 930 906 984; x_wconf 85' lang='lat' dir='ltr'>ultorem</span> <span class='ocrx_word' id='word_1_55' title='bbox 924 935 1013 1001; x_wconf 80' lang='lat' dir='ltr'>parat3</span> <span class='ocrx_word' id='word_1_56' title='bbox 1040 930 1087 985; x_wconf 88' lang='lat' dir='ltr'>dat</span> 
     </span>
    </p>
   </div>
   <div class='ocr_carea' id='block_1_4' title="bbox 294 1007 1147 1079">
    <p class='ocr_par' dir='ltr' id='par_1_4' title="bbox 294 1007 1147 1079">
     <span class='ocr_line' id='line_1_10' title="bbox 294 1007 1147 1079; baseline 0.001 -18"><span class='ocrx_word' id='word_1_57' title='bbox 294 1008 447 1062; x_wconf 85' lang='lat' dir='ltr'>Parthorum</span> <span class='ocrx_word' id='word_1_58' title='bbox 460 1008 552 1079; x_wconf 88' lang='lat' dir='ltr'>copias,</span> <span class='ocrx_word' id='word_1_59' title='bbox 565 1008 646 1062; x_wconf 91' lang='lat' dir='ltr'>mittit</span> <span class='ocrx_word' id='word_1_60' title='bbox 660 1008 705 1078; x_wconf 89' lang='lat' dir='ltr'>qui</span> <span class='ocrx_word' id='word_1_61' title='bbox 720 1007 815 1061; x_wconf 85' lang='lat' dir='ltr'>auxiha</span> <span class='ocrx_word' id='word_1_62' title='bbox 831 1007 945 1062; x_wconf 89' lang='lat' dir='ltr'>mercede</span> <span class='ocrx_word' id='word_1_63' title='bbox 962 1008 1086 1063; x_wconf 86' lang='lat' dir='ltr'>facerent.</span> <span class='ocrx_word' id='word_1_64' title='bbox 1145 1024 1147 1029; x_wconf 81' lang='grc'><strong><em>’</em></strong></span> 
     </span>
    </p>
   </div>
   <div class='ocr_carea' id='block_1_5' title="bbox 251 1084 1089 1848">
    <p class='ocr_par' dir='ltr' id='par_1_5' title="bbox 251 1084 1089 1848">
     <span class='ocr_line' id='line_1_11' title="bbox 271 1084 1088 1155; baseline -0.001 -16"><span class='ocrx_word' id='word_1_65' title='bbox 271 1086 394 1139; x_wconf 82' lang='lat' dir='ltr'>3Contra</span> <span class='ocrx_word' id='word_1_66' title='bbox 404 1085 586 1139; x_wconf 81' lang='lat' dir='ltr'>Pharasmanes</span> <span class='ocrx_word' id='word_1_67' title='bbox 603 1084 740 1155; x_wconf 84' lang='lat' dir='ltr'>adjungere</span> <span class='ocrx_word' id='word_1_68' title='bbox 756 1084 877 1148; x_wconf 84' lang='lat' dir='ltr'>Albanos,</span> <span class='ocrx_word' id='word_1_69' title='bbox 891 1084 972 1138; x_wconf 86' lang='lat' dir='ltr'>accire</span> <span class='ocrx_word' id='word_1_70' title='bbox 984 1085 1088 1139; x_wconf 84' lang='lat' dir='ltr'>Sarma-</span> 
     </span>
     <span class='ocr_line' id='line_1_12' title="bbox 294 1160 1088 1233; baseline 0.003 -18"><span class='ocrx_word' id='word_1_71' title='bbox 294 1166 351 1227; x_wconf 91' lang='lat' dir='ltr'>tas;</span> <span class='ocrx_word' id='word_1_72' title='bbox 370 1179 477 1233; x_wconf 87' lang='lat' dir='ltr'>quorum</span> <span class='ocrx_word' id='word_1_73' title='bbox 495 1161 632 1233; x_wconf 82' lang='lat' dir='ltr'>sceptuchi,</span> <span class='ocrx_word' id='word_1_74' title='bbox 650 1161 771 1231; x_wconf 91' lang='lat' dir='ltr'>utrinque</span> <span class='ocrx_word' id='word_1_75' title='bbox 786 1160 859 1215; x_wconf 90' lang='lat' dir='ltr'>donis</span> <span class='ocrx_word' id='word_1_76' title='bbox 877 1162 996 1231; x_wconf 87' lang='lat' dir='ltr'>acceptis,</span> <span class='ocrx_word' id='word_1_77' title='bbox 1013 1180 1088 1217; x_wconf 83' lang='lat' dir='ltr'>more</span> 
     </span>
     <span class='ocr_line' id='line_1_13' title="bbox 269 1237 1087 1310; baseline 0.005 -21"><span class='ocrx_word' id='word_1_78' title='bbox 269 1238 404 1310; x_wconf 66' lang='lat' dir='ltr'>agantico,</span> <span class='ocrx_word' id='word_1_79' title='bbox 418 1238 516 1293; x_wconf 87' lang='lat' dir='ltr'>diversa</span> <span class='ocrx_word' id='word_1_80' title='bbox 527 1237 638 1292; x_wconf 89' lang='lat' dir='ltr'>induere.</span> <span class='ocrx_word' id='word_1_81' title='bbox 676 1237 727 1293; x_wconf 85' lang='lat' dir='ltr'>Sed</span> <span class='ocrx_word' id='word_1_82' title='bbox 738 1237 814 1302; x_wconf 87' lang='lat' dir='ltr'>Iberi,</span> <span class='ocrx_word' id='word_1_83' title='bbox 828 1237 942 1291; x_wconf 87' lang='lat' dir='ltr'>locomm</span> <span class='ocrx_word' id='word_1_84' title='bbox 956 1242 1087 1307; x_wconf 86' lang='lat' dir='ltr'>potentes,</span> 
     </span>
     <span class='ocr_line' id='line_1_14' title="bbox 296 1314 1087 1385; baseline 0 -16"><span class='ocrx_word' id='word_1_85' title='bbox 296 1316 389 1385; x_wconf 84' lang='lat' dir='ltr'>Caspia</span> <span class='ocrx_word' id='word_1_86' title='bbox 405 1316 447 1369; x_wconf 88' lang='lat' dir='ltr'>via</span> <span class='ocrx_word' id='word_1_87' title='bbox 465 1316 605 1369; x_wconf 82' lang='lat' dir='ltr'>Sarmatam</span> <span class='ocrx_word' id='word_1_88' title='bbox 622 1315 650 1368; x_wconf 90' lang='lat' dir='ltr'>in</span> <span class='ocrx_word' id='word_1_89' title='bbox 672 1314 807 1369; x_wconf 87' lang='lat' dir='ltr'>Armenios</span> <span class='ocrx_word' id='word_1_90' title='bbox 827 1314 921 1385; x_wconf 88' lang='lat' dir='ltr'>raptim</span> <span class='ocrx_word' id='word_1_91' title='bbox 942 1314 1087 1371; x_wconf 85' lang='lat' dir='ltr'>effundunt.</span> 
     </span>
     <span class='ocr_line' id='line_1_15' title="bbox 272 1391 1089 1464; baseline 0.004 -20"><span class='ocrx_word' id='word_1_92' title='bbox 272 1394 332 1447; x_wconf 77' lang='lat' dir='ltr'>snt</span> <span class='ocrx_word' id='word_1_93' title='bbox 356 1392 400 1464; x_wconf 91' lang='lat' dir='ltr'>qui</span> <span class='ocrx_word' id='word_1_94' title='bbox 422 1393 525 1447; x_wconf 89' lang='lat' dir='ltr'>Parthis</span> <span class='ocrx_word' id='word_1_95' title='bbox 549 1391 726 1456; x_wconf 82' lang='lat' dir='ltr'>adventabant,</span> <span class='ocrx_word' id='word_1_96' title='bbox 748 1391 822 1446; x_wconf 88' lang='lat' dir='ltr'>facile</span> <span class='ocrx_word' id='word_1_97' title='bbox 846 1391 1005 1457; x_wconf 84' lang='lat' dir='ltr'>arcebantur,</span> <span class='ocrx_word' id='word_1_98' title='bbox 1028 1410 1089 1447; x_wconf 91' lang='lat' dir='ltr'>cum</span> 
     </span>
     <span class='ocr_line' id='line_1_16' title="bbox 296 1468 1088 1539; baseline -0.001 -14"><span class='ocrx_word' id='word_1_99' title='bbox 296 1470 357 1525; x_wconf 90' lang='lat' dir='ltr'>alios</span> <span class='ocrx_word' id='word_1_100' title='bbox 374 1470 488 1525; x_wconf 86' lang='lat' dir='ltr'>incessus</span> <span class='ocrx_word' id='word_1_101' title='bbox 505 1470 586 1524; x_wconf 91' lang='lat' dir='ltr'>hostis</span> <span class='ocrx_word' id='word_1_102' title='bbox 604 1469 744 1533; x_wconf 87' lang='lat' dir='ltr'>clausisset,</span> <span class='ocrx_word' id='word_1_103' title='bbox 763 1487 842 1522; x_wconf 91' lang='lat' dir='ltr'>unum</span> <span class='ocrx_word' id='word_1_104' title='bbox 859 1468 994 1539; x_wconf 88' lang='lat' dir='ltr'>rehquum,</span> <span class='ocrx_word' id='word_1_105' title='bbox 1016 1488 1088 1525; x_wconf 87' lang='lat' dir='ltr'>mare</span> 
     </span>
     <span class='ocr_line' id='line_1_17' title="bbox 297 1545 1087 1618; baseline -0.001 -17"><span class='ocrx_word' id='word_1_106' title='bbox 297 1547 364 1601; x_wconf 90' lang='lat' dir='ltr'>inter</span> <span class='ocrx_word' id='word_1_107' title='bbox 376 1551 402 1601; x_wconf 89' lang='lat' dir='ltr'>et</span> <span class='ocrx_word' id='word_1_108' title='bbox 419 1552 545 1601; x_wconf 83' lang='lat' dir='ltr'>extremos</span> <span class='ocrx_word' id='word_1_109' title='bbox 561 1545 717 1600; x_wconf 86' lang='lat' dir='ltr'>Albanorum</span> <span class='ocrx_word' id='word_1_110' title='bbox 733 1550 927 1612; x_wconf 64' lang='lat' dir='ltr'>mentesanae</span> <span class='ocrx_word' id='word_1_111' title='bbox 943 1546 1087 1618; x_wconf 90' lang='lat' dir='ltr'>impediret,</span> 
     </span>
     <span class='ocr_line' id='line_1_18' title="bbox 296 1622 1089 1695; baseline 0.001 -17"><span class='ocrx_word' id='word_1_112' title='bbox 296 1624 466 1695; x_wconf 83' lang='lat' dir='ltr'>quiaflatibus</span> <span class='ocrx_word' id='word_1_113' title='bbox 475 1623 619 1678; x_wconf 84' lang='lat' dir='ltr'>Etesiarum</span> <span class='ocrx_word' id='word_1_114' title='bbox 628 1622 766 1694; x_wconf 90' lang='lat' dir='ltr'>implentur</span> <span class='ocrx_word' id='word_1_115' title='bbox 773 1622 849 1677; x_wconf 83' lang='lat' dir='ltr'>vada:</span> <span class='ocrx_word' id='word_1_116' title='bbox 866 1623 988 1677; x_wconf 87' lang='lat' dir='ltr'>hibernus</span> <span class='ocrx_word' id='word_1_117' title='bbox 1000 1629 1089 1679; x_wconf 88' lang='lat' dir='ltr'>auster</span> 
     </span>
     <span class='ocr_line' id='line_1_19' title="bbox 296 1700 1089 1774; baseline 0 -18"><span class='ocrx_word' id='word_1_118' title='bbox 296 1700 403 1774; x_wconf 77' lang='lat' dir='ltr'>revolvit</span> <span class='ocrx_word' id='word_1_119' title='bbox 414 1700 515 1766; x_wconf 87' lang='lat' dir='ltr'>fluctus,</span> <span class='ocrx_word' id='word_1_120' title='bbox 529 1700 653 1770; x_wconf 88' lang='lat' dir='ltr'>pulsoque</span> <span class='ocrx_word' id='word_1_121' title='bbox 664 1700 789 1755; x_wconf 88' lang='lat' dir='ltr'>introrsus</span> <span class='ocrx_word' id='word_1_122' title='bbox 801 1701 869 1754; x_wconf 83' lang='lat' dir='ltr'>freto</span> <span class='ocrx_word' id='word_1_123' title='bbox 880 1700 967 1755; x_wconf 88' lang='lat' dir='ltr'>brevia</span> <span class='ocrx_word' id='word_1_124' title='bbox 983 1700 1089 1756; x_wconf 86' lang='lat' dir='ltr'>litorum</span> 
     </span>
     <span class='ocr_line' id='line_1_20' title="bbox 251 1777 1089 1848; baseline 0 -14"><span class='ocrx_word' id='word_1_125' title='bbox 251 1779 289 1834; x_wconf 83' lang='lat'>34</span> <span class='ocrx_word' id='word_1_126' title='bbox 297 1777 432 1832; x_wconf 86' lang='lat' dir='ltr'>nudantur.</span> <span class='ocrx_word' id='word_1_127' title='bbox 469 1777 577 1831; x_wconf 91' lang='lat' dir='ltr'>Interim</span> <span class='ocrx_word' id='word_1_128' title='bbox 594 1777 704 1842; x_wconf 89' lang='lat' dir='ltr'>Oroden,</span> <span class='ocrx_word' id='word_1_129' title='bbox 726 1778 852 1833; x_wconf 86' lang='lat' dir='ltr'>sociomm</span> <span class='ocrx_word' id='word_1_130' title='bbox 869 1777 977 1848; x_wconf 87' lang='lat' dir='ltr'>inopem,</span> <span class='ocrx_word' id='word_1_131' title='bbox 996 1783 1089 1834; x_wconf 86' lang='lat' dir='ltr'>auctus</span> 
     </span>
    </p>
   </div>
   <div class='ocr_carea' id='block_1_6' title="bbox 297 1853 1147 2004">
    <p class='ocr_par' dir='ltr' id='par_1_6' title="bbox 297 1853 1147 2004">
     <span class='ocr_line' id='line_1_21' title="bbox 297 1853 1147 1926; baseline 0.004 -18"><span class='ocrx_word' id='word_1_132' title='bbox 297 1853 391 1908; x_wconf 81' lang='lat' dir='ltr'>auxilio</span> <span class='ocrx_word' id='word_1_133' title='bbox 402 1853 585 1908; x_wconf 83' lang='lat' dir='ltr'>Pharasmanes</span> <span class='ocrx_word' id='word_1_134' title='bbox 597 1871 687 1908; x_wconf 88' lang='lat' dir='ltr'>vocare</span> <span class='ocrx_word' id='word_1_135' title='bbox 699 1855 731 1908; x_wconf 90' lang='lat' dir='ltr'>ad</span> <span class='ocrx_word' id='word_1_136' title='bbox 743 1874 854 1926; x_wconf 85' lang='lat' dir='ltr'>pugnam</span> <span class='ocrx_word' id='word_1_137' title='bbox 866 1859 892 1909; x_wconf 90' lang='lat' dir='ltr'>et</span> <span class='ocrx_word' id='word_1_138' title='bbox 901 1855 1090 1911; x_wconf 87' lang='lat' dir='ltr'>detrectantem</span> <span class='ocrx_word' id='word_1_139' title='bbox 1145 1914 1147 1923; x_wconf 68' lang='grc'>,</span> 
     </span>
     <span class='ocr_line' id='line_1_22' title="bbox 297 1929 1147 2004; baseline 0.002 -18"><span class='ocrx_word' id='word_1_140' title='bbox 297 1931 430 1995; x_wconf 89' lang='lat' dir='ltr'>incessere,</span> <span class='ocrx_word' id='word_1_141' title='bbox 444 1929 589 2000; x_wconf 88' lang='lat' dir='ltr'>adequitare</span> <span class='ocrx_word' id='word_1_142' title='bbox 602 1932 701 1996; x_wconf 84' lang='lat' dir='ltr'>castris,</span> <span class='ocrx_word' id='word_1_143' title='bbox 715 1932 840 1986; x_wconf 84' lang='lat' dir='ltr'>infensare</span> <span class='ocrx_word' id='word_1_144' title='bbox 851 1932 943 2002; x_wconf 88' lang='lat' dir='ltr'>pabula</span> <span class='ocrx_word' id='word_1_145' title='bbox 950 1955 957 1997; x_wconf 91' lang='lat'>;</span> <span class='ocrx_word' id='word_1_146' title='bbox 977 1951 1008 1987; x_wconf 90' lang='lat' dir='ltr'>ac</span> <span class='ocrx_word' id='word_1_147' title='bbox 1020 1952 1090 2004; x_wconf 82' lang='lat' dir='ltr'>saepe</span> <span class='ocrx_word' id='word_1_148' title='bbox 1145 1934 1147 1941; x_wconf 88' lang='lat'>&#39;</span> 
     </span>
    </p>
   </div>
   <div class='ocr_carea' id='block_1_7' title="bbox 297 2007 1090 2156">
    <p class='ocr_par' dir='ltr' id='par_1_7' title="bbox 297 2007 1090 2156">
     <span class='ocr_line' id='line_1_23' title="bbox 297 2007 1090 2079; baseline 0.001 -16"><span class='ocrx_word' id='word_1_149' title='bbox 297 2009 324 2064; x_wconf 91' lang='lat' dir='ltr'>in</span> <span class='ocrx_word' id='word_1_150' title='bbox 332 2007 434 2062; x_wconf 88' lang='lat' dir='ltr'>modum</span> <span class='ocrx_word' id='word_1_151' title='bbox 443 2007 533 2062; x_wconf 90' lang='lat' dir='ltr'>obsidii</span> <span class='ocrx_word' id='word_1_152' title='bbox 543 2007 695 2062; x_wconf 86' lang='lat' dir='ltr'>stationibus</span> <span class='ocrx_word' id='word_1_153' title='bbox 708 2009 832 2079; x_wconf 82' lang='lat' dir='ltr'>cingebat,</span> <span class='ocrx_word' id='word_1_154' title='bbox 842 2009 921 2063; x_wconf 88' lang='lat' dir='ltr'>donec</span> <span class='ocrx_word' id='word_1_155' title='bbox 930 2009 1022 2064; x_wconf 86' lang='lat' dir='ltr'>Parthi</span> <span class='ocrx_word' id='word_1_156' title='bbox 1030 2028 1090 2066; x_wconf 90' lang='lat' dir='ltr'>con-</span> 
     </span>
     <span class='ocr_line' id='line_1_24' title="bbox 298 2084 1090 2156; baseline 0.003 -16"><span class='ocrx_word' id='word_1_157' title='bbox 298 2085 460 2141; x_wconf 89' lang='lat' dir='ltr'>tumeliarum</span> <span class='ocrx_word' id='word_1_158' title='bbox 472 2084 608 2139; x_wconf 87' lang='lat' dir='ltr'>insolentes</span> <span class='ocrx_word' id='word_1_159' title='bbox 620 2085 835 2140; x_wconf 86' lang='lat' dir='ltr'>circumsisterent</span> <span class='ocrx_word' id='word_1_160' title='bbox 846 2104 939 2156; x_wconf 87' lang='lat' dir='ltr'>regem,</span> <span class='ocrx_word' id='word_1_161' title='bbox 953 2095 1090 2156; x_wconf 86' lang='lat' dir='ltr'>poscerent</span> 
     </span>
    </p>
   </div>
   <div class='ocr_carea' id='block_1_8' title="bbox 220 2162 1147 2235">
    <p class='ocr_par' dir='ltr' id='par_1_8' title="bbox 220 2162 1147 2235">
     <span class='ocr_line' id='line_1_25' title="bbox 220 2162 1147 2235; baseline 0.008 -20"><span class='ocrx_word' id='word_1_162' title='bbox 220 2187 230 2206; x_wconf 67' lang='grc' dir='ltr'><strong>ι</strong></span> <span class='ocrx_word' id='word_1_163' title='bbox 276 2163 421 2235; x_wconf 77' lang='lat' dir='ltr'>aproelium.</span> <span class='ocrx_word' id='word_1_164' title='bbox 457 2162 604 2232; x_wconf 85' lang='lat' dir='ltr'>Atqueillis</span> <span class='ocrx_word' id='word_1_165' title='bbox 618 2163 710 2217; x_wconf 87' lang='lat' dir='ltr'>solain</span> <span class='ocrx_word' id='word_1_166' title='bbox 727 2164 813 2233; x_wconf 88' lang='lat' dir='ltr'>equite</span> <span class='ocrx_word' id='word_1_167' title='bbox 831 2162 883 2216; x_wconf 87' lang='lat' dir='ltr'>vis:</span> <span class='ocrx_word' id='word_1_168' title='bbox 902 2163 1090 2221; x_wconf 81' lang='lat' dir='ltr'>Pharasmanes</span> <span class='ocrx_word' id='word_1_169' title='bbox 1145 2196 1147 2201; x_wconf 96' lang='lat'>·</span> 
     </span>
    </p>
   </div>
   <div class='ocr_carea' id='block_1_9' title="bbox 276 2239 1092 3003">
    <p class='ocr_par' dir='ltr' id='par_1_9' title="bbox 276 2239 1092 3003">
     <span class='ocr_line' id='line_1_26' title="bbox 299 2239 1090 2312; baseline 0.003 -16"><span class='ocrx_word' id='word_1_170' title='bbox 299 2244 325 2296; x_wconf 86' lang='lat' dir='ltr'>et</span> <span class='ocrx_word' id='word_1_171' title='bbox 346 2240 431 2312; x_wconf 85' lang='lat' dir='ltr'>pedite</span> <span class='ocrx_word' id='word_1_172' title='bbox 454 2239 563 2296; x_wconf 88' lang='lat' dir='ltr'>valebat.</span> <span class='ocrx_word' id='word_1_173' title='bbox 604 2239 672 2294; x_wconf 86' lang='lat' dir='ltr'>Nam</span> <span class='ocrx_word' id='word_1_174' title='bbox 695 2240 765 2294; x_wconf 89' lang='lat' dir='ltr'>Iberi</span> <span class='ocrx_word' id='word_1_175' title='bbox 787 2239 937 2310; x_wconf 84' lang='lat' dir='ltr'>Albanique,</span> <span class='ocrx_word' id='word_1_176' title='bbox 961 2241 1090 2298; x_wconf 86' lang='lat' dir='ltr'>saltuosos</span> 
     </span>
     <span class='ocr_line' id='line_1_27' title="bbox 299 2315 1089 2389; baseline 0.004 -17"><span class='ocrx_word' id='word_1_177' title='bbox 299 2319 367 2372; x_wconf 90' lang='lat' dir='ltr'>locos</span> <span class='ocrx_word' id='word_1_178' title='bbox 385 2318 530 2382; x_wconf 69' lang='lat' dir='ltr'>incolentes</span> <span class='ocrx_word' id='word_1_179' title='bbox 547 2315 647 2375; x_wconf 82' lang='lat' dir='ltr'>duritiae</span> <span class='ocrx_word' id='word_1_180' title='bbox 658 2317 836 2388; x_wconf 81' lang='lat' dir='ltr'>patientiaque</span> <span class='ocrx_word' id='word_1_181' title='bbox 851 2317 932 2389; x_wconf 87' lang='lat' dir='ltr'>magis</span> <span class='ocrx_word' id='word_1_182' title='bbox 947 2317 1089 2374; x_wconf 87' lang='lat' dir='ltr'>insuevere.</span> 
     </span>
     <span class='ocr_line' id='line_1_28' title="bbox 277 2395 1090 2467; baseline -0.001 -15"><span class='ocrx_word' id='word_1_183' title='bbox 277 2395 445 2466; x_wconf 69' lang='lat' dir='ltr'>tlemntque</span> <span class='ocrx_word' id='word_1_184' title='bbox 458 2414 485 2450; x_wconf 87' lang='lat' dir='ltr'>sc</span> <span class='ocrx_word' id='word_1_185' title='bbox 494 2395 619 2449; x_wconf 87' lang='lat' dir='ltr'>Thessalis</span> <span class='ocrx_word' id='word_1_186' title='bbox 633 2400 710 2460; x_wconf 88' lang='lat' dir='ltr'>ortos,</span> <span class='ocrx_word' id='word_1_187' title='bbox 721 2414 772 2465; x_wconf 89' lang='lat' dir='ltr'>qua</span> <span class='ocrx_word' id='word_1_188' title='bbox 782 2399 934 2465; x_wconf 90' lang='lat' dir='ltr'>tempestate</span> <span class='ocrx_word' id='word_1_189' title='bbox 946 2396 964 2448; x_wconf 89' lang='lat' dir='ltr'><strong>J</strong></span> <span class='ocrx_word' id='word_1_190' title='bbox 964 2414 1016 2460; x_wconf 86' lang='lat' dir='ltr'>aso,</span> <span class='ocrx_word' id='word_1_191' title='bbox 1030 2401 1090 2467; x_wconf 88' lang='lat' dir='ltr'>post</span> 
     </span>
     <span class='ocr_line' id='line_1_29' title="bbox 300 2471 1091 2542; baseline 0.004 -17"><span class='ocrx_word' id='word_1_192' title='bbox 300 2476 413 2525; x_wconf 87' lang='lat' dir='ltr'>avectam</span> <span class='ocrx_word' id='word_1_193' title='bbox 425 2471 543 2526; x_wconf 89' lang='lat' dir='ltr'>Medeam</span> <span class='ocrx_word' id='word_1_194' title='bbox 555 2473 706 2542; x_wconf 85' lang='lat' dir='ltr'>genitosque</span> <span class='ocrx_word' id='word_1_195' title='bbox 718 2491 750 2526; x_wconf 82' lang='lat' dir='ltr'>ex</span> <span class='ocrx_word' id='word_1_196' title='bbox 761 2490 792 2526; x_wconf 88' lang='lat' dir='ltr'>ea</span> <span class='ocrx_word' id='word_1_197' title='bbox 803 2472 903 2535; x_wconf 89' lang='lat' dir='ltr'>liberos,</span> <span class='ocrx_word' id='word_1_198' title='bbox 915 2473 1017 2526; x_wconf 89' lang='lat' dir='ltr'>inanem</span> <span class='ocrx_word' id='word_1_199' title='bbox 1029 2492 1091 2528; x_wconf 86' lang='lat' dir='ltr'>mcx</span> 
     </span>
     <span class='ocr_line' id='line_1_30' title="bbox 276 2548 1091 2620; baseline 0 -15"><span class='ocrx_word' id='word_1_200' title='bbox 276 2548 395 2618; x_wconf 66' lang='lat' dir='ltr'>aregiam</span> <span class='ocrx_word' id='word_1_201' title='bbox 409 2549 491 2603; x_wconf 81' lang='lat' dir='ltr'>AEetae</span> <span class='ocrx_word' id='word_1_202' title='bbox 507 2567 650 2620; x_wconf 88' lang='lat' dir='ltr'>vacuosque</span> <span class='ocrx_word' id='word_1_203' title='bbox 668 2548 775 2602; x_wconf 86' lang='lat' dir='ltr'>Colchos</span> <span class='ocrx_word' id='word_1_204' title='bbox 789 2549 915 2618; x_wconf 81' lang='lat' dir='ltr'>repetivit.</span> <span class='ocrx_word' id='word_1_205' title='bbox 952 2549 1091 2620; x_wconf 86' lang='lat' dir='ltr'>Multaque</span> 
     </span>
     <span class='ocr_line' id='line_1_31' title="bbox 300 2625 1092 2696; baseline 0.004 -18"><span class='ocrx_word' id='word_1_206' title='bbox 300 2625 332 2679; x_wconf 87' lang='lat' dir='ltr'>de</span> <span class='ocrx_word' id='word_1_207' title='bbox 354 2625 455 2679; x_wconf 86' lang='lat' dir='ltr'>nomine</span> <span class='ocrx_word' id='word_1_208' title='bbox 478 2626 540 2696; x_wconf 86' lang='lat' dir='ltr'>ejus,</span> <span class='ocrx_word' id='word_1_209' title='bbox 566 2629 592 2680; x_wconf 88' lang='lat' dir='ltr'>et</span> <span class='ocrx_word' id='word_1_210' title='bbox 618 2625 727 2680; x_wconf 89' lang='lat' dir='ltr'>oraclum</span> <span class='ocrx_word' id='word_1_211' title='bbox 752 2625 841 2680; x_wconf 79' lang='lat' dir='ltr'>Phrixi</span> <span class='ocrx_word' id='word_1_212' title='bbox 868 2625 1013 2693; x_wconf 87' lang='lat' dir='ltr'>celebrant;</span> <span class='ocrx_word' id='word_1_213' title='bbox 1042 2646 1092 2682; x_wconf 88' lang='lat' dir='ltr'>uec</span> 
     </span>
     <span class='ocr_line' id='line_1_32' title="bbox 301 2701 1089 2773; baseline 0.004 -17"><span class='ocrx_word' id='word_1_214' title='bbox 301 2702 433 2773; x_wconf 89' lang='lat' dir='ltr'>quisquam</span> <span class='ocrx_word' id='word_1_215' title='bbox 449 2701 527 2755; x_wconf 89' lang='lat' dir='ltr'>ariete</span> <span class='ocrx_word' id='word_1_216' title='bbox 539 2701 716 2756; x_wconf 87' lang='lat' dir='ltr'>sacrificaverit</span> <span class='ocrx_word' id='word_1_217' title='bbox 732 2702 828 2757; x_wconf 90' lang='lat' dir='ltr'>credito</span> <span class='ocrx_word' id='word_1_218' title='bbox 840 2703 939 2757; x_wconf 80' lang='lat' dir='ltr'>vexisse</span> <span class='ocrx_word' id='word_1_219' title='bbox 954 2704 1089 2768; x_wconf 80' lang='lat' dir='ltr'>Phrixum,</span> 
     </span>
     <span class='ocr_line' id='line_1_33' title="bbox 279 2777 1092 2849; baseline 0.001 -16"><span class='ocrx_word' id='word_1_220' title='bbox 279 2779 354 2838; x_wconf 73' lang='lat' dir='ltr'>ssive</span> <span class='ocrx_word' id='word_1_221' title='bbox 366 2778 392 2832; x_wconf 92' lang='lat' dir='ltr'>id</span> <span class='ocrx_word' id='word_1_222' title='bbox 404 2777 495 2832; x_wconf 83' lang='lat' dir='ltr'>animal</span> <span class='ocrx_word' id='word_1_223' title='bbox 510 2797 556 2831; x_wconf 90' lang='lat' dir='ltr'>seu</span> <span class='ocrx_word' id='word_1_224' title='bbox 572 2779 643 2832; x_wconf 89' lang='lat' dir='ltr'>navis</span> <span class='ocrx_word' id='word_1_225' title='bbox 654 2779 753 2849; x_wconf 83' lang='lat' dir='ltr'>insigne</span> <span class='ocrx_word' id='word_1_226' title='bbox 765 2780 823 2834; x_wconf 86' lang='lat' dir='ltr'>fuit.</span> <span class='ocrx_word' id='word_1_227' title='bbox 860 2780 981 2834; x_wconf 85' lang='lat' dir='ltr'>Ceterum</span> <span class='ocrx_word' id='word_1_228' title='bbox 993 2780 1092 2836; x_wconf 87' lang='lat' dir='ltr'>directa</span> 
     </span>
     <span class='ocr_line' id='line_1_34' title="bbox 301 2854 1091 2924; baseline 0.001 -14"><span class='ocrx_word' id='word_1_229' title='bbox 301 2857 420 2924; x_wconf 88' lang='lat' dir='ltr'>utrinque</span> <span class='ocrx_word' id='word_1_230' title='bbox 433 2855 493 2919; x_wconf 88' lang='lat' dir='ltr'>acie,</span> <span class='ocrx_word' id='word_1_231' title='bbox 506 2854 617 2908; x_wconf 89' lang='lat' dir='ltr'>Parthus</span> <span class='ocrx_word' id='word_1_232' title='bbox 633 2855 767 2924; x_wconf 90' lang='lat' dir='ltr'>imperium</span> <span class='ocrx_word' id='word_1_233' title='bbox 778 2857 898 2920; x_wconf 90' lang='lat' dir='ltr'>Orientis,</span> <span class='ocrx_word' id='word_1_234' title='bbox 912 2856 1091 2912; x_wconf 85' lang='lat' dir='ltr'>claritudinem</span> 
     </span>
     <span class='ocr_line' id='line_1_35' title="bbox 300 2931 1091 3003; baseline 0.001 -16"><span class='ocrx_word' id='word_1_235' title='bbox 300 2931 485 2997; x_wconf 86' lang='lat' dir='ltr'>Arsacidarum,</span> <span class='ocrx_word' id='word_1_236' title='bbox 504 2934 642 3001; x_wconf 87' lang='lat' dir='ltr'>contraque</span> <span class='ocrx_word' id='word_1_237' title='bbox 659 2931 795 3003; x_wconf 86' lang='lat' dir='ltr'>ignobilem</span> <span class='ocrx_word' id='word_1_238' title='bbox 813 2933 915 2988; x_wconf 81' lang='lat' dir='ltr'>lberam</span> <span class='ocrx_word' id='word_1_239' title='bbox 934 2935 1091 2990; x_wconf 88' lang='lat' dir='ltr'>mercenario</span> 
     </span>
    </p>
   </div>
   <div class='ocr_carea' id='block_1_10' title="bbox 0 0 1288 3500">
    <p class='ocr_par' dir='ltr' id='par_1_10' title="bbox 0 0 1288 3500">
     <span class='ocr_line' id='line_1_36' title="bbox 0 0 1288 3500; baseline 0 0"><span class='ocrx_word' id='word_1_240' title='bbox 0 0 1288 3500; x_wconf 95' lang='lat' dir='ltr'> </span> 
     </span>
    </p>
   </div>
  </div>
 </body>
</html>
