2550 3500
308 371 355 416 284
520 368 594 416 Tac.
612 367 743 416 ANNAL.
755 368 803 417 XI.
815 368 854 426 ³7,
866 370 904 416 38.

949 430 965 468 Α
981 429 1010 468 U.
1019 432 1044 470 0.
1055 432 1099 472 001.

308 481 431 544 iurentur,
456 480 595 551 propinqua
617 498 668 534 nox
692 483 719 534 et
741 479 825 534 uxorii
845 430 954 534 cubicuii
977 483 1101 535 memoria

309 554 470 621 timebantur,
483 556 623 627 prorumpit
635 557 779 621 Narcissus,
793 555 976 625 denuntiatque
988 558 1101 611 centuri·

310 631 399 686 onibus
423 636 449 686 et
471 632 581 698 tribuno,
603 633 648 704 qui
671 633 782 699 aderant,
807 632 898 703 exequi
921 631 1031 688 cadem:
1063 635 1102 688 ita

288 707 485 778 simperatorem
494 708 591 779 jubere.
627 710 722 764 Custos
738 714 764 764 et
779 714 882 763 exactor
893 727 908 763 e
919 708 1018 764 libertis
1030 711 1101 765 Iino-

311 784 358 839 dus
370 784 452 840 datur.
488 786 566 857 isque
577 787 671 857 raptim
681 788 709 840 in
719 786 807 840 hortos
818 803 973 857 pregressus
985 788 1102 858 repperit

310 861 393 916 frisam
419 861 497 927 humi,
522 862 649 917 assidente
675 866 757 917 matre
779 862 884 933 Lepida,
907 880 971 933 qua,
995 864 1102 919 florenti

310 938 367 994 filiae
390 939 458 994 haud
481 958 592 1008 concors,
615 940 738 1011 supremis
763 941 818 1010 ejus
847 940 1043 995 necessitatibus
1070 942 1102 996 ad

310 1016 495 1072 miserationem
509 1018 592 1073 evicta
607 1022 669 1083 erat,
690 1017 861 1088 suadebatque
875 1036 908 1072 ne
921 1035 1101 1086 percussorem

311 1094 482 1164 opperiretur:
506 1096 629 1150 transisse
646 1095 732 1159 vitam,
748 1112 830 1164 neque
846 1093 914 1148 aliud
929 1112 1004 1165 quam
1023 1096 1102 1150 morti

289 1169 389 1228 ddecus
408 1171 576 1241 quaerendum.
612 1171 663 1227 Sed
680 1171 762 1225 animo
778 1189 824 1241 per
841 1170 956 1227 libidines
977 1176 1100 1243 corrupto

311 1247 375 1302 nihil
397 1248 531 1303 honestum
553 1249 653 1314 inerat3
675 1248 833 1318 lacrimaeque
853 1251 880 1302 et
903 1251 1008 1317 questus
1033 1248 1101 1302 irriti

312 1323 475 1391 ducebantur,
486 1344 543 1381 cum
554 1325 652 1396 impetu
662 1325 817 1379 venientium
828 1324 907 1395 pulsa
915 1324 991 1389 foras,
1004 1326 1100 1379 astitit
1143 1335 1144 1342 ’

312 1420 361 1472 que
372 1402 489 1457 tribunus
501 1422 546 1474 per
558 1403 693 1467 silentium,
706 1406 732 1455 at
749 1401 854 1456 libertus
865 1401 998 1472 increpans
1010 1402 1100 1456 multis

268 1481 305 1537 38
313 1484 339 1534 et
359 1480 490 1535 servilibus
511 1480 616 1551 probris.
651 1480 723 1534 Tunc
742 1478 851 1550 primum
874 1478 1002 1533 fortunam
1027 1498 1101 1533 suam

312 1557 470 1628 introspexit,
483 1557 627 1627 ferrumque
639 1556 744 1627 accepit,
758 1554 825 1626 quod
841 1554 938 1609 bostra
950 1554 1044 1625 jugulo
1056 1559 1101 1609 aut

312 1634 409 1705 pectori
427 1652 472 1705 per
483 1633 676 1705 trepidationem
688 1632 829 1696 admovens,
840 1631 894 1687 ictu
904 1631 1003 1687 tribuni
1014 1636 1099 1687 trans-
1143 1621 1145 1696 l

291 1711 398 1783 aigiiur.
456 1710 554 1782 Corpus
586 1710 662 1765 matri
687 1728 841 1765 concessum.
893 1708 1101 1781 Nuntiatumquc

313 1789 418 1844 Claudio
431 1790 544 1860 epulanti
554 1791 653 1861 perisse
668 1789 839 1854 Messalinam,
851 1806 903 1843 non
919 1787 1043 1843 distincto
1055 1808 1101 1844 sua

313 1885 346 1920 an
361 1867 441 1921 aliena
456 1884 539 1920 manu.
574 1866 631 1920 Nec
648 1866 690 1921 ille
704 1865 828 1936 quesivit,
843 1865 1008 1936 poposcitque
1024 1884 1101 1936 pocu-

291 1943 365 1997 8lum
384 1947 410 1998 et
425 1943 500 1998 solita
513 1942 627 1997 convivio
646 1942 790 1998 celebravit.
827 1942 869 1996 Ne
885 1942 980 1996 secutis
998 1943 1101 2013 quidem

313 2019 400 2075 diebus
412 2019 470 2085 odii,
484 2018 576 2091 gaudii,
586 2020 637 2085 irae,
650 2020 769 2084 tristitiae,
782 2018 859 2073 ullius
876 2017 984 2089 denique
995 2019 1101 2075 humani

313 2097 417 2152 affectus
429 2096 501 2168 signa
518 2096 594 2161 dedit,
611 2115 663 2151 non
683 2115 739 2152 cum
755 2096 870 2150 letantes
884 2100 1044 2151 accusatores
1062 2116 1101 2151 as-

290 2175 414 2245 4piceret,
427 2191 479 2228 non
490 2191 547 2229 cum
559 2173 623 2228 lilios
635 2177 775 2228 merentes.
810 2172 933 2242 Juritque
948 2171 1102 2229 oblivionem

312 2253 367 2321 ejus
379 2254 489 2317 senatus,
502 2250 626 2306 censendo
638 2269 730 2304 nomen
738 2254 765 2304 et
776 2249 871 2320 effigies
879 2249 985 2319 privatis
997 2267 1027 2304 ac
1039 2251 1101 2321 pub

290 2328 366 2382 olicis
390 2327 451 2382 loeis
476 2325 650 2382 demovendas.
686 2327 797 2381 Decreta
820 2326 941 2380 Narcisso
964 2329 1102 2396 quaestoria

312 2404 427 2475 insignia,
439 2404 593 2459 levissimum
604 2402 701 2458 fastidii
716 2403 778 2473 ejus,
792 2421 850 2457 cum
865 2421 942 2473 supra
958 2402 1100 2459 Pallantem

312 2484 338 2534 ct
355 2480 487 2534 Callistum
504 2485 591 2552 ageret
602 2481 620 2517 *
630 2481 649 2517 *
661 2479 796 2534 *honesta
811 2478 920 2550 quidem,
933 2479 1024 2535 sodex
1040 2483 1099 2553 quis

313 2556 447 2613 deterrima
457 2561 595 2624 orerentur,
608 2556 721 2612 tristitiis
732 2556 909 2612 multem
1094 2577 1100 2590 ·
