2550 3500
202 433 222 472 A
241 433 262 472 D
281 431 306 472 η
421 367 618 416 ANNALIUM
636 367 657 416 1.
675 368 778 418 ra-ro.
970 367 1002 415 45

201 431 324 537 bantur]
345 479 453 558 addidit
469 481 554 552 Hispo
570 483 682 535 statuam
697 478 816 534 Marcelli
832 477 908 534 altius
926 485 1027 549 quaint

201 561 336 616 Caesarum
349 560 432 624 sitam,
451 558 540 613 etalio
556 559 686 614 instatura
701 560 833 628 amputato
848 557 932 628 eapite
949 557 1003 611 Aa·

199 639 276 710 gusti
288 637 397 708 effigiem
408 635 503 690 'liberii
514 635 627 690 inditam.
665 633 707 690 Ad
715 634 783 706 quod
791 634 886 690 exarsit
898 633 960 689 adeo
971 636 1026 694 uta

198 718 282 787 rupta
299 713 476 770 taciturnitate
492 713 666 784 proclamaret,
679 731 707 768 se
721 731 823 784 quoquo
838 712 867 766 in
880 730 911 768 ea
926 729 1004 767 eausa

199 793 321 848 laturum
346 791 498 847 sententiam
523 790 603 861 palam
626 795 654 846 et
677 791 806 861 juratum;
836 807 887 860 quo
910 789 1002 845 ceteris

199 869 293 925 eadem
313 868 453 924 nenessitas
473 868 554 923 fieret.
590 867 731 924 Manebant
752 867 830 922 etiam
850 870 906 922 turn
926 867 1026 923 vesti-6

199 948 244 1018 gia
258 947 393 1002 morientis
404 945 537 1002 libertatis.
565 946 652 1018 Igitur
661 946 708 1001 Gn
717 945 785 1009 Piso,
794 945 899 1010 “Quo’'
908 945 1001 1018 inquit,

201 1031 218 1054 “
230 1025 290 1080 loeo
302 1023 424 1090 censebis,
436 1023 541 1079 Cesar?
559 1023 582 1078 si
593 1023 698 1094 primns,
707 1022 806 1078 habebo
814 1022 882 1093 quod
894 1041 1001 1094 sequar:

199 1103 223 1157 si
235 1106 298 1174 post
310 1119 405 1168 omnes,
417 1119 506 1156 vereor
520 1119 552 1156 ne
570 1099 716 1172 imprudens
733 1100 906 1155 dissentiam?
940 1100 1025 1158 Per-t

199 1183 289 1235 motus
308 1179 357 1244 his,
380 1183 525 1250 quantoque
543 1177 671 1233 incautius
691 1179 832 1243 efferverat,
853 1177 1002 1249 penitentia

199 1265 313 1336 petiens,
326 1263 386 1318 tulit
405 1262 500 1318 absolvi
517 1281 588 1317 reum
607 1262 760 1318 criminibus
771 1262 920 1333 majestatis.
956 1261 998 1317 De

201 1341 321 1414 pecuniis
332 1340 479 1412 repetundis
492 1339 524 1394 ad
535 1340 716 1412 reciperatores
728 1341 793 1394 itum
804 1344 853 1395 est.
918 1369 922 1379 =

237 1420 298 1475 Nec
309 1424 411 1490 patrum
424 1418 611 1490 cognitionibus
624 1418 740 1483 satiatus,
750 1417 853 1488 judiciis
869 1417 1000 1472 adsidebat
1010 1415 1047 1478 75

200 1497 229 1552 in
254 1515 336 1552 cornu
358 1496 500 1561 tribunalis,
524 1514 557 1552 nc
580 1501 714 1567 praetorem
739 1495 822 1550 curuli
845 1494 1000 1566 depelleret3

200 1574 335 1646 multaque
358 1592 388 1629 eo
413 1592 497 1629 eoram
518 1572 638 1628 adversus
660 1571 784 1627 ambitum
806 1576 833 1627 et
854 1572 997 1642 potentium

202 1671 293 1724 preces
311 1651 459 1706 constituta.
496 1649 547 1706 sed
563 1649 621 1704 dum
637 1649 740 1704 veritati
758 1649 906 1715 consulitur,
926 1648 1024 1704 liber-2

202 1735 243 1787 tas
262 1728 479 1801 corrumpebatur.
515 1727 661 1800 Interque
674 1728 738 1783 Pius
752 1727 872 1783 Aurelius
889 1731 1024 1794 senatum

202 1806 388 1880 questuamole
400 1806 507 1879 publica
518 1806 566 1861 via
583 1805 712 1877 ductuque
728 1824 850 1878 aquarum
862 1805 999 1861 labefactas
1031 1860 1036 1868 ,

202 1886 270 1941 aedes
287 1904 354 1951 suas,
367 1884 488 1940 auxilium
503 1888 605 1956 patrum
621 1884 763 1940 invocabat.
807 1883 1025 1941 Resistentibust

202 1964 285 2019 aerarii
306 1962 455 2035 praetoribus
476 1961 594 2017 subvenit
613 1962 706 2028 Caesar,
725 1961 886 2033 pretiumque
906 1960 998 2016 redium

202 2040 308 2095 Aurelio
319 2040 418 2107 tribuit,
431 2038 564 2111 erogandae
575 2057 620 2109 per
632 2038 740 2094 honesta
751 2039 865 2109 pecunie
876 2038 996 2109 cupiens;

203 2136 278 2190 quum
290 2118 409 2173 virtutem
423 2116 467 2171 diu
479 2116 592 2181 retinuit,
605 2134 662 2171 oum
676 2120 774 2171 ceteras
786 2119 900 2171 exueret.
936 2116 1021 2170 Prot

202 2196 285 2267 pertin
302 2195 385 2251 Celeri
399 2194 525 2266 pretorio,
542 2194 643 2249 veniam
660 2193 755 2251 ordinis
771 2193 804 2249 ob
822 2196 997 2264 paupertatem
1072 2202 1083 2216 ⁶

201 2272 308 2345 petenti,
327 2272 411 2328 decies
429 2271 576 2327 sestertium
592 2270 702 2343 largitas
720 2275 768 2337 est,
787 2271 849 2325 satis
867 2275 998 2342 comperto

202 2354 320 2422 paternas
332 2350 356 2405 ei
368 2349 499 2421 angustias
512 2367 575 2403 esse.
594 2393 596 2405 .
611 2350 750 2403 Tentantes
766 2347 853 2403 eadem
867 2348 929 2403 alios
941 2356 1020 2421 prot

202 2428 263 2483 bare
280 2445 381 2483 causam
399 2426 500 2483 senatui
514 2426 600 2498 jussit,
619 2426 737 2497 cupidine
754 2426 898 2481 severitatis
915 2426 943 2481 iu
964 2427 996 2481 iis

202 2506 279 2561 etiam
295 2523 352 2575 quaa
363 2505 412 2560 rite
427 2504 523 2559 faceret
535 2502 649 2559 acerbus.
689 2502 762 2558 Unde
774 2503 853 2559 ceteri
867 2503 1020 2565 silentium?

203 2588 229 2639 et
238 2587 412 2654 paupertatem
424 2580 575 2638 confessioni
587 2584 613 2636 et
625 2580 746 2635 beneficio
753 2591 924 2652 proposuere.

153 2678 156 2691 ·
236 2660 333 2718 Eodem
345 2679 410 2715 anuo
422 2659 549 2716 continuis
561 2658 685 2714 imbribus
702 2664 793 2713 auctus
809 2659 908 2713 Tiberis
920 2658 996 2729 plana
1005 2665 1041 2723 76

202 2739 271 2795 urbis
283 2741 444 2811 stagnaverat
454 2760 462 2805 ς
479 2736 634 2793 relabentem
646 2741 734 2793 secuta
742 2741 782 2791 est
793 2736 955 2791 ecrbfioiorum
967 2741 994 2791 et
1043 2765 1046 2771 ,

203 2819 331 2873 bominum
352 2821 459 2890 strages.
495 2818 582 2889 Igitur
602 2816 701 2871 censuit
722 2815 827 2870 Asinius
851 2814 939 2869 Gallus
962 2818 1017 2868 uta

204 2896 259 2951 libri
273 2896 388 2968 Sibyllini
405 2895 542 2951 adirentur.
579 2894 678 2949 Reuuit
695 2893 820 2957 Tiberius,
835 2890 941 2962 perinde
956 2889 993 2943 di·
1022 2927 1025 2931 ι

205 2974 260 3029 rina
281 2974 440 3046 humanaque
460 2971 592 3045 obtegens.
629 2970 679 3025 Sed
700 2969 841 3025 remedium
861 2966 1016 3023 oobroendio
