<?xml version="1.0" encoding="UTF-8"?>
<!DOCTYPE html PUBLIC "-//W3C//DTD XHTML 1.0 Transitional//EN"
    "http://www.w3.org/TR/xhtml1/DTD/xhtml1-transitional.dtd">
<html xmlns="http://www.w3.org/1999/xhtml" xml:lang="en" lang="en">
 <head>
  <title>
</title>
<meta http-equiv="Content-Type" content="text/html;charset=utf-8" />
  <meta name='ocr-system' content='tesseract 3.04.00' />
  <meta name='ocr-capabilities' content='ocr_page ocr_carea ocr_par ocr_line ocrx_word'/>
</head>
<body>
  <div class='ocr_page' id='page_1' title='image "./operaomniaadfid01tacigoog_0227.png"; bbox 0 0 2550 3500; ppageno 0'>
   <div class='ocr_carea' id='block_1_1' title="bbox 409 360 988 415">
    <p class='ocr_par' dir='ltr' id='par_1_1' title="bbox 409 360 988 415">
     <span class='ocr_line' id='line_1_1' title="bbox 409 360 988 415; baseline 0.003 -2"><span class='ocrx_word' id='word_1_1' title='bbox 409 360 605 413; x_wconf 85' lang='lat' dir='ltr'>ANNALIUM</span> <span class='ocrx_word' id='word_1_2' title='bbox 622 362 671 413; x_wconf 92' lang='lat' dir='ltr'><strong>Xl.</strong></span> <span class='ocrx_word' id='word_1_3' title='bbox 691 367 791 413; x_wconf 77' lang='lat'>11-15.</span> <span class='ocrx_word' id='word_1_4' title='bbox 942 370 988 415; x_wconf 79' lang='lat'><strong>221</strong></span> 
     </span>
    </p>
   </div>
   <div class='ocr_carea' id='block_1_2' title="bbox 129 424 309 475">
    <p class='ocr_par' dir='ltr' id='par_1_2' title="bbox 129 424 309 475">
     <span class='ocr_line' id='line_1_2' title="bbox 129 424 309 475; baseline 0.006 -8"><span class='ocrx_word' id='word_1_5' title='bbox 129 440 130 457; x_wconf 60' lang='lat'>¹</span> <span class='ocrx_word' id='word_1_6' title='bbox 191 428 220 467; x_wconf 77' lang='lat' dir='ltr'><strong>A.</strong></span> <span class='ocrx_word' id='word_1_7' title='bbox 232 426 258 466; x_wconf 89' lang='lat' dir='ltr'><strong>D.</strong></span> <span class='ocrx_word' id='word_1_8' title='bbox 268 424 309 475; x_wconf 76' lang='lat' dir='ltr'><strong>lt]</strong></span> 
     </span>
    </p>
   </div>
   <div class='ocr_carea' id='block_1_3' title="bbox 127 476 1049 3024">
    <p class='ocr_par' dir='ltr' id='par_1_3' title="bbox 127 476 1049 3024">
     <span class='ocr_line' id='line_1_3' title="bbox 193 476 991 548; baseline 0 -16"><span class='ocrx_word' id='word_1_9' title='bbox 193 477 372 548; x_wconf 79' lang='lat' dir='ltr'><strong>vulgavitque,</strong></span> <span class='ocrx_word' id='word_1_10' title='bbox 381 481 509 547; x_wconf 88' lang='lat' dir='ltr'><strong>comperto</strong></span> <span class='ocrx_word' id='word_1_11' title='bbox 521 476 634 531; x_wconf 84' lang='lat' dir='ltr'><strong>Graecam</strong></span> <span class='ocrx_word' id='word_1_12' title='bbox 647 494 748 547; x_wconf 88' lang='lat' dir='ltr'><strong>quoque</strong></span> <span class='ocrx_word' id='word_1_13' title='bbox 759 477 930 532; x_wconf 80' lang='lat' dir='ltr'><strong>litteraturam</strong></span> <span class='ocrx_word' id='word_1_14' title='bbox 939 496 991 532; x_wconf 86' lang='lat' dir='ltr'><strong>non</strong></span> 
     </span>
     <span class='ocr_line' id='line_1_4' title="bbox 194 553 1040 626; baseline -0.004 -17"><span class='ocrx_word' id='word_1_15' title='bbox 194 554 275 610; x_wconf 84' lang='lat' dir='ltr'><strong>simul</strong></span> <span class='ocrx_word' id='word_1_16' title='bbox 287 557 395 623; x_wconf 77' lang='lat' dir='ltr'><strong>creptam</strong></span> <span class='ocrx_word' id='word_1_17' title='bbox 407 553 605 624; x_wconf 80' lang='lat' dir='ltr'><strong>absolutamque.</strong></span> <span class='ocrx_word' id='word_1_18' title='bbox 641 555 723 609; x_wconf 88' lang='lat' dir='ltr'><strong>Primi</strong></span> <span class='ocrx_word' id='word_1_19' title='bbox 733 572 780 625; x_wconf 86' lang='lat' dir='ltr'><strong>per</strong></span> <span class='ocrx_word' id='word_1_20' title='bbox 791 555 886 626; x_wconf 82' lang='lat' dir='ltr'><strong>figuras</strong></span> <span class='ocrx_word' id='word_1_21' title='bbox 898 556 991 609; x_wconf 86' lang='lat' dir='ltr'><strong>animu-</strong></span> <span class='ocrx_word' id='word_1_22' title='bbox 1003 553 1040 607; x_wconf 85' lang='lat'><strong>14</strong></span> 
     </span>
     <span class='ocr_line' id='line_1_5' title="bbox 194 630 993 703; baseline 0 -16"><span class='ocrx_word' id='word_1_23' title='bbox 194 632 263 687; x_wconf 90' lang='lat' dir='ltr'><strong>lium</strong></span> <span class='ocrx_word' id='word_1_24' title='bbox 281 630 398 702; x_wconf 78' lang='lat' dir='ltr'><strong>AEgyptii</strong></span> <span class='ocrx_word' id='word_1_25' title='bbox 418 648 507 685; x_wconf 88' lang='lat' dir='ltr'><strong>sensus</strong></span> <span class='ocrx_word' id='word_1_26' title='bbox 525 630 617 685; x_wconf 89' lang='lat' dir='ltr'><strong>mentis</strong></span> <span class='ocrx_word' id='word_1_27' title='bbox 635 631 794 703; x_wconf 87' lang='lat' dir='ltr'><strong>effingebant,</strong></span> <span class='ocrx_word' id='word_1_28' title='bbox 812 634 853 700; x_wconf 87' lang='lat' dir='ltr'><strong>(ea</strong></span> <span class='ocrx_word' id='word_1_29' title='bbox 870 633 993 703; x_wconf 86' lang='lat' dir='ltr'><strong>antiquis-</strong></span> 
     </span>
     <span class='ocr_line' id='line_1_6' title="bbox 196 707 992 780; baseline -0.003 -15"><span class='ocrx_word' id='word_1_30' title='bbox 196 710 266 765; x_wconf 89' lang='lat' dir='ltr'><strong>sima</strong></span> <span class='ocrx_word' id='word_1_31' title='bbox 291 712 455 775; x_wconf 84' lang='lat' dir='ltr'><strong>monumenta</strong></span> <span class='ocrx_word' id='word_1_32' title='bbox 483 707 610 762; x_wconf 77' lang='lat' dir='ltr'><strong>memoriae</strong></span> <span class='ocrx_word' id='word_1_33' title='bbox 634 708 751 763; x_wconf 75' lang='lat' dir='ltr'><strong>humana</strong></span> <span class='ocrx_word' id='word_1_34' title='bbox 774 709 898 780; x_wconf 87' lang='lat' dir='ltr'><strong>impressa</strong></span> <span class='ocrx_word' id='word_1_35' title='bbox 925 710 992 764; x_wconf 85' lang='lat' dir='ltr'><strong>saxis</strong></span> 
     </span>
     <span class='ocr_line' id='line_1_7' title="bbox 197 784 992 857; baseline -0.001 -15"><span class='ocrx_word' id='word_1_36' title='bbox 197 785 361 853; x_wconf 87' lang='lat' dir='ltr'><strong>cernuntur‚)</strong></span> <span class='ocrx_word' id='word_1_37' title='bbox 374 788 401 839; x_wconf 89' lang='lat' dir='ltr'><strong>et</strong></span> <span class='ocrx_word' id='word_1_38' title='bbox 416 784 559 839; x_wconf 84' lang='lat' dir='ltr'><strong>litterarum</strong></span> <span class='ocrx_word' id='word_1_39' title='bbox 579 790 660 839; x_wconf 88' lang='lat' dir='ltr'><strong>semet</strong></span> <span class='ocrx_word' id='word_1_40' title='bbox 680 786 824 841; x_wconf 87' lang='lat' dir='ltr'><strong>inventores</strong></span> <span class='ocrx_word' id='word_1_41' title='bbox 843 787 992 857; x_wconf 83' lang='lat' dir='ltr'><strong>perbibent3</strong></span> 
     </span>
     <span class='ocr_line' id='line_1_8' title="bbox 198 861 994 933; baseline 0.001 -15"><span class='ocrx_word' id='word_1_42' title='bbox 198 863 261 919; x_wconf 88' lang='lat' dir='ltr'><strong>inde</strong></span> <span class='ocrx_word' id='word_1_43' title='bbox 273 862 414 927; x_wconf 67' lang='lat' dir='ltr'><strong>Phorbas,</strong></span> <span class='ocrx_word' id='word_1_44' title='bbox 434 862 493 933; x_wconf 90' lang='lat' dir='ltr'><strong>quia</strong></span> <span class='ocrx_word' id='word_1_45' title='bbox 507 861 571 916; x_wconf 83' lang='lat' dir='ltr'><strong>meri</strong></span> <span class='ocrx_word' id='word_1_46' title='bbox 588 862 776 933; x_wconf 78' lang='lat' dir='ltr'><strong>praepollebant,</strong></span> <span class='ocrx_word' id='word_1_47' title='bbox 793 863 910 919; x_wconf 89' lang='lat' dir='ltr'><strong>intulisse</strong></span> <span class='ocrx_word' id='word_1_48' title='bbox 926 865 994 919; x_wconf 77' lang='lat' dir='ltr'><strong>Grae</strong></span> 
     </span>
     <span class='ocr_line' id='line_1_9' title="bbox 200 938 994 1011; baseline -0.001 -15"><span class='ocrx_word' id='word_1_49' title='bbox 200 940 255 1005; x_wconf 82' lang='lat' dir='ltr'><strong>eise,</strong></span> <span class='ocrx_word' id='word_1_50' title='bbox 269 939 425 1011; x_wconf 82' lang='lat' dir='ltr'><strong>gloriamque</strong></span> <span class='ocrx_word' id='word_1_51' title='bbox 437 938 549 1009; x_wconf 89' lang='lat' dir='ltr'><strong>adeptos,</strong></span> <span class='ocrx_word' id='word_1_52' title='bbox 562 942 683 1009; x_wconf 85' lang='lat' dir='ltr'><strong>tanquam</strong></span> <span class='ocrx_word' id='word_1_53' title='bbox 694 940 851 1011; x_wconf 81' lang='lat' dir='ltr'><strong>reppererint</strong></span> <span class='ocrx_word' id='word_1_54' title='bbox 861 959 916 1011; x_wconf 80' lang='lat' dir='ltr'><strong>quae</strong></span> <span class='ocrx_word' id='word_1_55' title='bbox 926 958 994 995; x_wconf 87' lang='lat' dir='ltr'><strong>acce·</strong></span> 
     </span>
     <span class='ocr_line' id='line_1_10' title="bbox 200 1015 1018 1089; baseline 0 -17"><span class='ocrx_word' id='word_1_56' title='bbox 200 1022 302 1089; x_wconf 85' lang='lat' dir='ltr'><strong>perant.</strong></span> <span class='ocrx_word' id='word_1_57' title='bbox 339 1016 442 1086; x_wconf 76' lang='lat' dir='ltr'><strong>Quippe</strong></span> <span class='ocrx_word' id='word_1_58' title='bbox 459 1016 527 1069; x_wconf 80' lang='lat' dir='ltr'><strong>ferna</strong></span> <span class='ocrx_word' id='word_1_59' title='bbox 541 1019 581 1070; x_wconf 89' lang='lat' dir='ltr'><strong>est</strong></span> <span class='ocrx_word' id='word_1_60' title='bbox 599 1015 731 1081; x_wconf 87' lang='lat' dir='ltr'><strong>Cadmum,</strong></span> <span class='ocrx_word' id='word_1_61' title='bbox 750 1016 831 1071; x_wconf 87' lang='lat' dir='ltr'><strong>classe</strong></span> <span class='ocrx_word' id='word_1_62' title='bbox 846 1017 1018 1073; x_wconf 86' lang='lat' dir='ltr'><strong>Phoenicnm2</strong></span> 
     </span>
     <span class='ocr_line' id='line_1_11' title="bbox 201 1090 994 1167; baseline 0 -17"><span class='ocrx_word' id='word_1_63' title='bbox 201 1098 315 1159; x_wconf 89' lang='lat' dir='ltr'><strong>vectum,</strong></span> <span class='ocrx_word' id='word_1_64' title='bbox 338 1092 444 1147; x_wconf 88' lang='lat' dir='ltr'><strong>rudibus</strong></span> <span class='ocrx_word' id='word_1_65' title='bbox 468 1090 550 1147; x_wconf 89' lang='lat' dir='ltr'><strong>adhuc</strong></span> <span class='ocrx_word' id='word_1_66' title='bbox 574 1092 720 1147; x_wconf 76' lang='lat' dir='ltr'><strong>Gracorum</strong></span> <span class='ocrx_word' id='word_1_67' title='bbox 742 1094 842 1165; x_wconf 91' lang='lat' dir='ltr'><strong>populis</strong></span> <span class='ocrx_word' id='word_1_68' title='bbox 860 1095 922 1150; x_wconf 86' lang='lat' dir='ltr'><strong>artis</strong></span> <span class='ocrx_word' id='word_1_69' title='bbox 939 1096 994 1167; x_wconf 88' lang='lat' dir='ltr'><strong>ejus</strong></span> 
     </span>
     <span class='ocr_line' id='line_1_12' title="bbox 203 1168 1020 1240; baseline -0.001 -13"><span class='ocrx_word' id='word_1_70' title='bbox 203 1175 336 1227; x_wconf 87' lang='lat' dir='ltr'><strong>auctorem</strong></span> <span class='ocrx_word' id='word_1_71' title='bbox 353 1170 439 1224; x_wconf 81' lang='lat' dir='ltr'><strong>fuisse.</strong></span> <span class='ocrx_word' id='word_1_72' title='bbox 476 1168 587 1229; x_wconf 79' lang='lat' dir='ltr'><strong>Quidam</strong></span> <span class='ocrx_word' id='word_1_73' title='bbox 603 1169 741 1240; x_wconf 79' lang='lat' dir='ltr'><strong>Cecropem</strong></span> <span class='ocrx_word' id='word_1_74' title='bbox 759 1170 939 1225; x_wconf 86' lang='lat' dir='ltr'><strong>Atheniensem</strong></span> <span class='ocrx_word' id='word_1_75' title='bbox 955 1172 1020 1227; x_wconf 77' lang='lat' dir='ltr'><strong>velt</strong></span> 
     </span>
     <span class='ocr_line' id='line_1_13' title="bbox 202 1248 997 1320; baseline -0.001 -14"><span class='ocrx_word' id='word_1_76' title='bbox 202 1252 301 1307; x_wconf 85' lang='lat' dir='ltr'><strong>Linum</strong></span> <span class='ocrx_word' id='word_1_77' title='bbox 319 1248 474 1313; x_wconf 79' lang='lat' dir='ltr'><strong>Thebanum,</strong></span> <span class='ocrx_word' id='word_1_78' title='bbox 493 1252 520 1303; x_wconf 91' lang='lat' dir='ltr'><strong>et</strong></span> <span class='ocrx_word' id='word_1_79' title='bbox 536 1248 693 1319; x_wconf 83' lang='lat' dir='ltr'><strong>temporibus</strong></span> <span class='ocrx_word' id='word_1_80' title='bbox 712 1249 827 1320; x_wconf 75' lang='lat' dir='ltr'><strong>licjanis</strong></span> <span class='ocrx_word' id='word_1_81' title='bbox 843 1250 997 1305; x_wconf 78' lang='lat' dir='ltr'><strong>Palameden</strong></span> 
     </span>
     <span class='ocr_line' id='line_1_14' title="bbox 205 1324 998 1399; baseline -0.003 -15"><span class='ocrx_word' id='word_1_82' title='bbox 205 1328 341 1399; x_wconf 83' lang='lat' dir='ltr'><strong>Argivum,</strong></span> <span class='ocrx_word' id='word_1_83' title='bbox 361 1330 502 1380; x_wconf 88' lang='lat' dir='ltr'><strong>memorant</strong></span> <span class='ocrx_word' id='word_1_84' title='bbox 521 1324 630 1380; x_wconf 82' lang='lat' dir='ltr'><strong>sedecim</strong></span> <span class='ocrx_word' id='word_1_85' title='bbox 650 1326 794 1380; x_wconf 87' lang='lat' dir='ltr'><strong>litterarum</strong></span> <span class='ocrx_word' id='word_1_86' title='bbox 817 1327 919 1393; x_wconf 88' lang='lat' dir='ltr'><strong>formas,</strong></span> <span class='ocrx_word' id='word_1_87' title='bbox 938 1346 998 1382; x_wconf 82' lang='lat' dir='ltr'><strong>mox</strong></span> 
     </span>
     <span class='ocr_line' id='line_1_15' title="bbox 206 1396 1023 1474; baseline -0.001 -14"><span class='ocrx_word' id='word_1_88' title='bbox 206 1405 270 1461; x_wconf 84' lang='lat' dir='ltr'><strong>ulios</strong></span> <span class='ocrx_word' id='word_1_89' title='bbox 283 1421 312 1458; x_wconf 90' lang='lat' dir='ltr'><strong>ac</strong></span> <span class='ocrx_word' id='word_1_90' title='bbox 324 1402 477 1474; x_wconf 74' lang='lat' dir='ltr'><strong>precipuum</strong></span> <span class='ocrx_word' id='word_1_91' title='bbox 490 1401 637 1456; x_wconf 85' lang='lat' dir='ltr'><strong>Simoniden</strong></span> <span class='ocrx_word' id='word_1_92' title='bbox 654 1396 759 1467; x_wconf 82' lang='lat' dir='ltr'><strong>ceteras,</strong></span> <span class='ocrx_word' id='word_1_93' title='bbox 776 1404 925 1474; x_wconf 84' lang='lat' dir='ltr'><strong>repperisse.</strong></span> <span class='ocrx_word' id='word_1_94' title='bbox 961 1407 1023 1459; x_wconf 73' lang='lat' dir='ltr'><strong>Ate</strong></span> 
     </span>
     <span class='ocr_line' id='line_1_16' title="bbox 127 1479 998 1552; baseline -0.005 -13"><span class='ocrx_word' id='word_1_95' title='bbox 127 1502 128 1517; x_wconf 59' lang='lat'>³</span> <span class='ocrx_word' id='word_1_96' title='bbox 205 1484 235 1539; x_wconf 89' lang='lat' dir='ltr'><strong>in</strong></span> <span class='ocrx_word' id='word_1_97' title='bbox 252 1480 336 1545; x_wconf 83' lang='lat' dir='ltr'><strong>Italia,</strong></span> <span class='ocrx_word' id='word_1_98' title='bbox 355 1479 459 1535; x_wconf 77' lang='lat' dir='ltr'><strong>Etmrsci</strong></span> <span class='ocrx_word' id='word_1_99' title='bbox 476 1479 507 1534; x_wconf 80' lang='lat' dir='ltr'><strong>ab</strong></span> <span class='ocrx_word' id='word_1_100' title='bbox 526 1479 659 1534; x_wconf 85' lang='lat' dir='ltr'><strong>Corinthio</strong></span> <span class='ocrx_word' id='word_1_101' title='bbox 676 1480 822 1545; x_wconf 86' lang='lat' dir='ltr'><strong>Demarato,</strong></span> <span class='ocrx_word' id='word_1_102' title='bbox 844 1480 998 1552; x_wconf 82' lang='lat' dir='ltr'><strong>Aborigines</strong></span> 
     </span>
     <span class='ocr_line' id='line_1_17' title="bbox 206 1556 999 1623; baseline -0.004 -7"><span class='ocrx_word' id='word_1_103' title='bbox 206 1556 309 1617; x_wconf 86' lang='lat' dir='ltr'><strong>Arcade</strong></span> <span class='ocrx_word' id='word_1_104' title='bbox 326 1557 358 1613; x_wconf 90' lang='lat' dir='ltr'><strong>ab</strong></span> <span class='ocrx_word' id='word_1_105' title='bbox 370 1556 489 1612; x_wconf 79' lang='lat' dir='ltr'><strong>Evandro</strong></span> <span class='ocrx_word' id='word_1_106' title='bbox 502 1556 659 1623; x_wconf 83' lang='lat' dir='ltr'><strong>didicerunt3</strong></span> <span class='ocrx_word' id='word_1_107' title='bbox 677 1560 705 1611; x_wconf 91' lang='lat' dir='ltr'><strong>ct</strong></span> <span class='ocrx_word' id='word_1_108' title='bbox 720 1557 802 1612; x_wconf 80' lang='lat' dir='ltr'><strong>sonna</strong></span> <span class='ocrx_word' id='word_1_109' title='bbox 817 1557 912 1613; x_wconf 88' lang='lat' dir='ltr'><strong>litteris</strong></span> <span class='ocrx_word' id='word_1_110' title='bbox 928 1559 999 1614; x_wconf 84' lang='lat' dir='ltr'><strong>Iati-</strong></span> 
     </span>
     <span class='ocr_line' id='line_1_18' title="bbox 207 1634 1000 1707; baseline -0.005 -13"><span class='ocrx_word' id='word_1_111' title='bbox 207 1638 257 1703; x_wconf 86' lang='lat' dir='ltr'><strong>nis,</strong></span> <span class='ocrx_word' id='word_1_112' title='bbox 282 1654 339 1707; x_wconf 88' lang='lat' dir='ltr'><strong>quae</strong></span> <span class='ocrx_word' id='word_1_113' title='bbox 361 1634 503 1689; x_wconf 86' lang='lat' dir='ltr'><strong>veterrimis</strong></span> <span class='ocrx_word' id='word_1_114' title='bbox 528 1634 681 1689; x_wconf 75' lang='lat' dir='ltr'><strong>Grecorum</strong></span> <span class='ocrx_word' id='word_1_115' title='bbox 730 1634 780 1689; x_wconf 82' lang='lat' dir='ltr'><strong>Sed</strong></span> <span class='ocrx_word' id='word_1_116' title='bbox 802 1635 876 1690; x_wconf 89' lang='lat' dir='ltr'><strong>nobis</strong></span> <span class='ocrx_word' id='word_1_117' title='bbox 899 1654 1000 1707; x_wconf 90' lang='lat' dir='ltr'><strong>quoque</strong></span> 
     </span>
     <span class='ocr_line' id='line_1_19' title="bbox 208 1711 1025 1790; baseline -0.002 -20"><span class='ocrx_word' id='word_1_118' title='bbox 208 1732 297 1790; x_wconf 77' lang='lat' dir='ltr'><strong>pauca</strong></span> <span class='ocrx_word' id='word_1_119' title='bbox 309 1713 418 1785; x_wconf 89' lang='lat' dir='ltr'><strong>primum</strong></span> <span class='ocrx_word' id='word_1_120' title='bbox 429 1711 507 1778; x_wconf 84' lang='lat' dir='ltr'><strong>fuere,</strong></span> <span class='ocrx_word' id='word_1_121' title='bbox 526 1711 615 1767; x_wconf 89' lang='lat' dir='ltr'><strong>deinde</strong></span> <span class='ocrx_word' id='word_1_122' title='bbox 628 1711 721 1767; x_wconf 82' lang='lat' dir='ltr'><strong>addite</strong></span> <span class='ocrx_word' id='word_1_123' title='bbox 737 1715 805 1768; x_wconf 89' lang='lat' dir='ltr'><strong>sunt.</strong></span> <span class='ocrx_word' id='word_1_124' title='bbox 842 1712 902 1773; x_wconf 79' lang='lat' dir='ltr'><strong>Quo</strong></span> <span class='ocrx_word' id='word_1_125' title='bbox 919 1724 1025 1771; x_wconf 77' lang='lat' dir='ltr'><strong>exem-t</strong></span> 
     </span>
     <span class='ocr_line' id='line_1_20' title="bbox 209 1789 1001 1865; baseline -0.001 -18"><span class='ocrx_word' id='word_1_126' title='bbox 209 1793 253 1865; x_wconf 94' lang='lat' dir='ltr'><strong>plo</strong></span> <span class='ocrx_word' id='word_1_127' title='bbox 266 1789 387 1846; x_wconf 80' lang='lat' dir='ltr'><strong>Claudius</strong></span> <span class='ocrx_word' id='word_1_128' title='bbox 399 1793 452 1844; x_wconf 91' lang='lat' dir='ltr'><strong>tres</strong></span> <span class='ocrx_word' id='word_1_129' title='bbox 463 1789 562 1844; x_wconf 88' lang='lat' dir='ltr'><strong>litteras</strong></span> <span class='ocrx_word' id='word_1_130' title='bbox 575 1789 677 1860; x_wconf 86' lang='lat' dir='ltr'><strong>adjecit,</strong></span> <span class='ocrx_word' id='word_1_131' title='bbox 691 1808 747 1861; x_wconf 79' lang='lat' dir='ltr'><strong>qua</strong></span> <span class='ocrx_word' id='word_1_132' title='bbox 764 1790 823 1845; x_wconf 89' lang='lat' dir='ltr'><strong>usui</strong></span> <span class='ocrx_word' id='word_1_133' title='bbox 840 1791 1001 1862; x_wconf 87' lang='lat' dir='ltr'><strong>imperitante</strong></span> 
     </span>
     <span class='ocr_line' id='line_1_21' title="bbox 211 1867 1002 1940; baseline -0.004 -14"><span class='ocrx_word' id='word_1_134' title='bbox 211 1889 250 1936; x_wconf 91' lang='lat' dir='ltr'><strong>ec,</strong></span> <span class='ocrx_word' id='word_1_135' title='bbox 269 1873 327 1940; x_wconf 83' lang='lat' dir='ltr'><strong>post</strong></span> <span class='ocrx_word' id='word_1_136' title='bbox 350 1867 510 1934; x_wconf 79' lang='lat' dir='ltr'><strong>oblitterata,</strong></span> <span class='ocrx_word' id='word_1_137' title='bbox 535 1869 694 1940; x_wconf 87' lang='lat' dir='ltr'><strong>aspiciuntur</strong></span> <span class='ocrx_word' id='word_1_138' title='bbox 717 1868 794 1922; x_wconf 88' lang='lat' dir='ltr'><strong>etiam</strong></span> <span class='ocrx_word' id='word_1_139' title='bbox 817 1887 885 1924; x_wconf 89' lang='lat' dir='ltr'><strong>nunc</strong></span> <span class='ocrx_word' id='word_1_140' title='bbox 908 1870 935 1924; x_wconf 90' lang='lat' dir='ltr'><strong>in</strong></span> <span class='ocrx_word' id='word_1_141' title='bbox 953 1888 1002 1924; x_wconf 82' lang='lat' dir='ltr'><strong>aere</strong></span> 
     </span>
     <span class='ocr_line' id='line_1_22' title="bbox 211 1945 1049 2020; baseline 0.002 -18"><span class='ocrx_word' id='word_1_142' title='bbox 211 1945 369 2020; x_wconf 83' lang='lat' dir='ltr'><strong>publicandis</strong></span> <span class='ocrx_word' id='word_1_143' title='bbox 381 1945 519 2016; x_wconf 85' lang='lat' dir='ltr'><strong>plebiscitis</strong></span> <span class='ocrx_word' id='word_1_144' title='bbox 528 1963 574 2016; x_wconf 91' lang='lat' dir='ltr'><strong>per</strong></span> <span class='ocrx_word' id='word_1_145' title='bbox 585 1946 641 2000; x_wconf 86' lang='lat' dir='ltr'><strong>fora</strong></span> <span class='ocrx_word' id='word_1_146' title='bbox 649 1964 678 2000; x_wconf 86' lang='lat' dir='ltr'><strong>ac</strong></span> <span class='ocrx_word' id='word_1_147' title='bbox 689 1945 784 2017; x_wconf 83' lang='lat' dir='ltr'><strong>templa</strong></span> <span class='ocrx_word' id='word_1_148' title='bbox 796 1945 853 2001; x_wconf 83' lang='lat' dir='ltr'><strong>lixo.</strong></span> <span class='ocrx_word' id='word_1_149' title='bbox 891 1947 1002 2001; x_wconf 88' lang='lat' dir='ltr'><strong>Rettulit</strong></span> <span class='ocrx_word' id='word_1_150' title='bbox 1014 1949 1049 2004; x_wconf 84' lang='lat'><strong>15</strong></span> 
     </span>
     <span class='ocr_line' id='line_1_23' title="bbox 213 2023 1002 2094; baseline -0.003 -14"><span class='ocrx_word' id='word_1_151' title='bbox 213 2023 304 2080; x_wconf 91' lang='lat' dir='ltr'><strong>deinde</strong></span> <span class='ocrx_word' id='word_1_152' title='bbox 316 2023 348 2078; x_wconf 87' lang='lat' dir='ltr'><strong>ad</strong></span> <span class='ocrx_word' id='word_1_153' title='bbox 359 2027 475 2077; x_wconf 89' lang='lat' dir='ltr'><strong>senatum</strong></span> <span class='ocrx_word' id='word_1_154' title='bbox 487 2041 563 2094; x_wconf 88' lang='lat' dir='ltr'><strong>super</strong></span> <span class='ocrx_word' id='word_1_155' title='bbox 574 2023 680 2094; x_wconf 86' lang='lat' dir='ltr'><strong>collegio</strong></span> <span class='ocrx_word' id='word_1_156' title='bbox 691 2023 860 2093; x_wconf 87' lang='lat' dir='ltr'><strong>haruspicum,</strong></span> <span class='ocrx_word' id='word_1_157' title='bbox 873 2042 905 2078; x_wconf 92' lang='lat' dir='ltr'><strong>ne</strong></span> <span class='ocrx_word' id='word_1_158' title='bbox 917 2029 1002 2079; x_wconf 88' lang='lat' dir='ltr'><strong>vetus-</strong></span> 
     </span>
     <span class='ocr_line' id='line_1_24' title="bbox 212 2099 1004 2171; baseline -0.003 -15"><span class='ocrx_word' id='word_1_159' title='bbox 212 2101 313 2157; x_wconf 87' lang='lat' dir='ltr'><strong>tissima</strong></span> <span class='ocrx_word' id='word_1_160' title='bbox 323 2100 406 2155; x_wconf 81' lang='lat' dir='ltr'><strong>Italioe</strong></span> <span class='ocrx_word' id='word_1_161' title='bbox 417 2099 549 2171; x_wconf 87' lang='lat' dir='ltr'><strong>disciplina</strong></span> <span class='ocrx_word' id='word_1_162' title='bbox 559 2118 604 2171; x_wconf 90' lang='lat' dir='ltr'><strong>per</strong></span> <span class='ocrx_word' id='word_1_163' title='bbox 616 2099 736 2154; x_wconf 85' lang='lat' dir='ltr'><strong>desidiam</strong></span> <span class='ocrx_word' id='word_1_164' title='bbox 749 2099 917 2155; x_wconf 87' lang='lat' dir='ltr'><strong>exolesceret:</strong></span> <span class='ocrx_word' id='word_1_165' title='bbox 936 2119 1004 2171; x_wconf 84' lang='lat' dir='ltr'><strong>saepe</strong></span> 
     </span>
     <span class='ocr_line' id='line_1_25' title="bbox 215 2176 1005 2248; baseline -0.003 -15"><span class='ocrx_word' id='word_1_166' title='bbox 215 2177 326 2234; x_wconf 87' lang='lat' dir='ltr'><strong>adversis</strong></span> <span class='ocrx_word' id='word_1_167' title='bbox 338 2177 375 2232; x_wconf 90' lang='lat' dir='ltr'><strong>rei</strong></span> <span class='ocrx_word' id='word_1_168' title='bbox 386 2177 493 2248; x_wconf 75' lang='lat' dir='ltr'><strong>publicae</strong></span> <span class='ocrx_word' id='word_1_169' title='bbox 504 2176 662 2248; x_wconf 88' lang='lat' dir='ltr'><strong>temporibus</strong></span> <span class='ocrx_word' id='word_1_170' title='bbox 671 2177 773 2242; x_wconf 84' lang='lat' dir='ltr'><strong>accitos,</strong></span> <span class='ocrx_word' id='word_1_171' title='bbox 786 2195 893 2247; x_wconf 89' lang='lat' dir='ltr'><strong>quorum</strong></span> <span class='ocrx_word' id='word_1_172' title='bbox 905 2178 1005 2231; x_wconf 90' lang='lat' dir='ltr'><strong>monitu</strong></span> 
     </span>
     <span class='ocr_line' id='line_1_26' title="bbox 215 2254 1005 2326; baseline -0.004 -15"><span class='ocrx_word' id='word_1_173' title='bbox 215 2255 400 2326; x_wconf 84' lang='lat' dir='ltr'><strong>redintegratas</strong></span> <span class='ocrx_word' id='word_1_174' title='bbox 421 2254 575 2310; x_wconf 77' lang='lat' dir='ltr'><strong>carimonias</strong></span> <span class='ocrx_word' id='word_1_175' title='bbox 593 2257 620 2308; x_wconf 91' lang='lat' dir='ltr'><strong>et</strong></span> <span class='ocrx_word' id='word_1_176' title='bbox 646 2255 674 2308; x_wconf 93' lang='lat' dir='ltr'><strong>in</strong></span> <span class='ocrx_word' id='word_1_177' title='bbox 690 2258 821 2324; x_wconf 91' lang='lat' dir='ltr'><strong>posterum</strong></span> <span class='ocrx_word' id='word_1_178' title='bbox 844 2254 939 2308; x_wconf 84' lang='lat' dir='ltr'><strong>rectius</strong></span> <span class='ocrx_word' id='word_1_179' title='bbox 962 2254 1005 2308; x_wconf 86' lang='lat' dir='ltr'><strong>ha-</strong></span> 
     </span>
     <span class='ocr_line' id='line_1_27' title="bbox 216 2330 1006 2404; baseline -0.004 -16"><span class='ocrx_word' id='word_1_180' title='bbox 216 2333 300 2399; x_wconf 77' lang='lat' dir='ltr'><strong>bitas3</strong></span> <span class='ocrx_word' id='word_1_181' title='bbox 317 2332 489 2404; x_wconf 84' lang='lat' dir='ltr'><strong>primoresque</strong></span> <span class='ocrx_word' id='word_1_182' title='bbox 502 2330 612 2387; x_wconf 78' lang='lat' dir='ltr'><strong>Etruriae</strong></span> <span class='ocrx_word' id='word_1_183' title='bbox 628 2334 727 2402; x_wconf 87' lang='lat' dir='ltr'><strong>sponte,</strong></span> <span class='ocrx_word' id='word_1_184' title='bbox 740 2334 785 2384; x_wconf 83' lang='lat' dir='ltr'><strong>eut</strong></span> <span class='ocrx_word' id='word_1_185' title='bbox 796 2333 898 2402; x_wconf 82' lang='lat' dir='ltr'><strong>patrum</strong></span> <span class='ocrx_word' id='word_1_186' title='bbox 913 2331 1006 2386; x_wconf 79' lang='lat' dir='ltr'><strong>Roma</strong></span> 
     </span>
     <span class='ocr_line' id='line_1_28' title="bbox 217 2407 1007 2481; baseline -0.005 -16"><span class='ocrx_word' id='word_1_187' title='bbox 217 2427 307 2466; x_wconf 90' lang='lat' dir='ltr'><strong>norum</strong></span> <span class='ocrx_word' id='word_1_188' title='bbox 324 2409 442 2481; x_wconf 89' lang='lat' dir='ltr'><strong>impulsu,</strong></span> <span class='ocrx_word' id='word_1_189' title='bbox 461 2408 597 2464; x_wconf 88' lang='lat' dir='ltr'><strong>retinuisse</strong></span> <span class='ocrx_word' id='word_1_190' title='bbox 609 2407 741 2463; x_wconf 89' lang='lat' dir='ltr'><strong>scientiam</strong></span> <span class='ocrx_word' id='word_1_191' title='bbox 753 2411 779 2462; x_wconf 91' lang='lat' dir='ltr'><strong>et</strong></span> <span class='ocrx_word' id='word_1_192' title='bbox 790 2407 818 2461; x_wconf 92' lang='lat' dir='ltr'><strong>in</strong></span> <span class='ocrx_word' id='word_1_193' title='bbox 829 2407 936 2462; x_wconf 84' lang='lat' dir='ltr'><strong>familias</strong></span> <span class='ocrx_word' id='word_1_194' title='bbox 947 2425 1007 2478; x_wconf 91' lang='lat' dir='ltr'><strong>pro-</strong></span> 
     </span>
     <span class='ocr_line' id='line_1_29' title="bbox 217 2483 1007 2560; baseline 0 -20"><span class='ocrx_word' id='word_1_195' title='bbox 217 2488 342 2560; x_wconf 73' lang='lat' dir='ltr'><strong>pagtsse;</strong></span> <span class='ocrx_word' id='word_1_196' title='bbox 360 2485 428 2556; x_wconf 91' lang='lat' dir='ltr'><strong>quod</strong></span> <span class='ocrx_word' id='word_1_197' title='bbox 443 2503 511 2541; x_wconf 87' lang='lat' dir='ltr'><strong>nunc</strong></span> <span class='ocrx_word' id='word_1_198' title='bbox 532 2485 634 2557; x_wconf 82' lang='lat' dir='ltr'><strong>segnius</strong></span> <span class='ocrx_word' id='word_1_199' title='bbox 653 2485 709 2540; x_wconf 88' lang='lat' dir='ltr'><strong>fieri</strong></span> <span class='ocrx_word' id='word_1_200' title='bbox 724 2483 825 2556; x_wconf 89' lang='lat' dir='ltr'><strong>publica</strong></span> <span class='ocrx_word' id='word_1_201' title='bbox 843 2486 910 2540; x_wconf 91' lang='lat' dir='ltr'><strong>circa</strong></span> <span class='ocrx_word' id='word_1_202' title='bbox 928 2484 1007 2540; x_wconf 90' lang='lat' dir='ltr'><strong>bonas</strong></span> 
     </span>
     <span class='ocr_line' id='line_1_30' title="bbox 218 2562 1006 2635; baseline -0.006 -14"><span class='ocrx_word' id='word_1_203' title='bbox 218 2570 286 2621; x_wconf 89' lang='lat' dir='ltr'><strong>artes</strong></span> <span class='ocrx_word' id='word_1_204' title='bbox 298 2563 419 2628; x_wconf 86' lang='lat' dir='ltr'><strong>socordia,</strong></span> <span class='ocrx_word' id='word_1_205' title='bbox 430 2567 456 2618; x_wconf 91' lang='lat' dir='ltr'><strong>et</strong></span> <span class='ocrx_word' id='word_1_206' title='bbox 468 2563 529 2635; x_wconf 90' lang='lat' dir='ltr'><strong>quia</strong></span> <span class='ocrx_word' id='word_1_207' title='bbox 538 2567 650 2618; x_wconf 85' lang='lat' dir='ltr'><strong>extcrnae</strong></span> <span class='ocrx_word' id='word_1_208' title='bbox 661 2562 854 2632; x_wconf 88' lang='lat' dir='ltr'><strong>superstitiones</strong></span> <span class='ocrx_word' id='word_1_209' title='bbox 862 2562 1006 2616; x_wconf 76' lang='lat' dir='ltr'><strong>valescunt:</strong></span> 
     </span>
     <span class='ocr_line' id='line_1_31' title="bbox 219 2638 1009 2716; baseline -0.006 -19"><span class='ocrx_word' id='word_1_210' title='bbox 219 2647 245 2697; x_wconf 92' lang='lat' dir='ltr'><strong>et</strong></span> <span class='ocrx_word' id='word_1_211' title='bbox 256 2642 316 2696; x_wconf 84' lang='lat' dir='ltr'><strong>loeta</strong></span> <span class='ocrx_word' id='word_1_212' title='bbox 327 2640 428 2712; x_wconf 90' lang='lat' dir='ltr'><strong>quidem</strong></span> <span class='ocrx_word' id='word_1_213' title='bbox 442 2640 471 2696; x_wconf 92' lang='lat' dir='ltr'><strong>in</strong></span> <span class='ocrx_word' id='word_1_214' title='bbox 485 2659 596 2712; x_wconf 75' lang='lat' dir='ltr'><strong>presens</strong></span> <span class='ocrx_word' id='word_1_215' title='bbox 608 2639 699 2716; x_wconf 82' lang='lat' dir='ltr'><strong>omnia,</strong></span> <span class='ocrx_word' id='word_1_216' title='bbox 711 2638 757 2693; x_wconf 90' lang='lat' dir='ltr'><strong>sed</strong></span> <span class='ocrx_word' id='word_1_217' title='bbox 767 2638 919 2710; x_wconf 79' lang='lat' dir='ltr'><strong>benignitati</strong></span> <span class='ocrx_word' id='word_1_218' title='bbox 931 2638 1009 2693; x_wconf 78' lang='lat' dir='ltr'><strong>deum</strong></span> 
     </span>
     <span class='ocr_line' id='line_1_32' title="bbox 220 2717 1009 2793; baseline -0.004 -19"><span class='ocrx_word' id='word_1_219' title='bbox 220 2721 327 2793; x_wconf 80' lang='lat' dir='ltr'><strong>gretiam</strong></span> <span class='ocrx_word' id='word_1_220' title='bbox 342 2717 506 2784; x_wconf 81' lang='lat' dir='ltr'><strong>referendam,</strong></span> <span class='ocrx_word' id='word_1_221' title='bbox 524 2737 558 2774; x_wconf 86' lang='lat' dir='ltr'><strong>na</strong></span> <span class='ocrx_word' id='word_1_222' title='bbox 574 2718 640 2773; x_wconf 88' lang='lat' dir='ltr'><strong>ritus</strong></span> <span class='ocrx_word' id='word_1_223' title='bbox 658 2734 786 2772; x_wconf 86' lang='lat' dir='ltr'><strong>sacrorum</strong></span> <span class='ocrx_word' id='word_1_224' title='bbox 804 2717 872 2771; x_wconf 90' lang='lat' dir='ltr'><strong>inter</strong></span> <span class='ocrx_word' id='word_1_225' title='bbox 890 2717 1009 2788; x_wconf 87' lang='lat' dir='ltr'><strong>ambigua</strong></span> 
     </span>
     <span class='ocr_line' id='line_1_33' title="bbox 220 2793 1033 2868; baseline -0.009 -15"><span class='ocrx_word' id='word_1_226' title='bbox 220 2797 283 2854; x_wconf 90' lang='lat' dir='ltr'><strong>culti</strong></span> <span class='ocrx_word' id='word_1_227' title='bbox 298 2812 344 2868; x_wconf 90' lang='lat' dir='ltr'><strong>per</strong></span> <span class='ocrx_word' id='word_1_228' title='bbox 360 2814 481 2867; x_wconf 88' lang='lat' dir='ltr'><strong>prospera</strong></span> <span class='ocrx_word' id='word_1_229' title='bbox 498 2795 712 2850; x_wconf 89' lang='lat' dir='ltr'><strong>oblitterarentur.</strong></span> <span class='ocrx_word' id='word_1_230' title='bbox 748 2793 856 2849; x_wconf 76' lang='lat' dir='ltr'><strong>Factum</strong></span> <span class='ocrx_word' id='word_1_231' title='bbox 873 2812 906 2848; x_wconf 85' lang='lat' dir='ltr'><strong>ex</strong></span> <span class='ocrx_word' id='word_1_232' title='bbox 923 2811 953 2847; x_wconf 92' lang='lat' dir='ltr'><strong>eo</strong></span> <span class='ocrx_word' id='word_1_233' title='bbox 971 2800 1033 2847; x_wconf 71' lang='lat' dir='ltr'><strong>set</strong></span> 
     </span>
     <span class='ocr_line' id='line_1_34' title="bbox 221 2870 1009 2944; baseline -0.008 -13"><span class='ocrx_word' id='word_1_234' title='bbox 221 2880 296 2932; x_wconf 86' lang='lat' dir='ltr'><strong>natus</strong></span> <span class='ocrx_word' id='word_1_235' title='bbox 308 2875 460 2939; x_wconf 74' lang='lat' dir='ltr'><strong>consultior,</strong></span> <span class='ocrx_word' id='word_1_236' title='bbox 473 2872 588 2928; x_wconf 88' lang='lat' dir='ltr'><strong>viderent</strong></span> <span class='ocrx_word' id='word_1_237' title='bbox 601 2872 734 2944; x_wconf 86' lang='lat' dir='ltr'><strong>pontifices</strong></span> <span class='ocrx_word' id='word_1_238' title='bbox 748 2890 807 2944; x_wconf 76' lang='lat' dir='ltr'><strong>qua,</strong></span> <span class='ocrx_word' id='word_1_239' title='bbox 820 2870 952 2926; x_wconf 87' lang='lat' dir='ltr'><strong>retinenda</strong></span> <span class='ocrx_word' id='word_1_240' title='bbox 968 2871 1009 2925; x_wconf 86' lang='lat' dir='ltr'><strong>lir-</strong></span> 
     </span>
     <span class='ocr_line' id='line_1_35' title="bbox 222 2951 543 3024; baseline -0.016 -15"><span class='ocrx_word' id='word_1_241' title='bbox 222 2952 362 3024; x_wconf 79' lang='lat' dir='ltr'><strong>mandsqoe</strong></span> <span class='ocrx_word' id='word_1_242' title='bbox 373 2951 543 3024; x_wconf 83' lang='lat' dir='ltr'><strong>haruspicum.</strong></span> 
     </span>
    </p>
   </div>
   <div class='ocr_carea' id='block_1_4' title="bbox 0 0 1318 3500">
    <p class='ocr_par' dir='ltr' id='par_1_4' title="bbox 0 0 1318 3500">
     <span class='ocr_line' id='line_1_36' title="bbox 0 0 1318 3500; baseline 0 0"><span class='ocrx_word' id='word_1_243' title='bbox 0 0 1318 3500; x_wconf 95' lang='lat' dir='ltr'><strong> </strong></span> 
     </span>
    </p>
   </div>
  </div>
 </body>
</html>
