2550 3500
400 372 592 420 ANNALIUM
611 372 680 421 XVI.
699 374 802 419 26-30.
929 372 974 419 391

194 436 309 541 inii'rdr'i
324 487 351 538 ct
365 484 518 538 onnmonias
537 484 660 555 majorum
675 482 830 554 proditorem
848 481 930 552 palam
948 485 975 536 et

193 564 289 638 bostem
311 562 423 616 Thrasea
439 562 571 616 induisset.
607 563 724 633 Denique
742 579 816 633 agere
835 566 998 616 senatoremt

193 646 218 694 et
239 638 358 711 principis
381 638 565 693 obtrectatores
588 643 723 710 protegere
746 637 843 702 solitus,
869 638 973 702 veniret,
1097 631 1098 645 ¹

192 720 302 771 censeret
320 714 382 785 quid
399 716 492 787 corrigi
509 722 554 769 aut
572 716 666 769 mutari
689 715 780 770 vellet:
804 714 902 768 facilius
920 732 976 785 per-

192 794 287 847 laturos
299 791 399 863 smgnla
407 792 588 862 increpantem,
607 810 682 863 qnam
700 809 768 846 nune
781 790 907 845 silentium
920 810 976 861 per-

126 931 127 938 ,
191 870 283 924 ferrent
295 868 380 923 omnia
394 867 543 923 damnantis.
580 870 673 924 Pacem
691 867 879 939 illiperorbern
893 872 997 933 terrue,5

190 965 222 1000 an
243 946 362 1001 victorias
385 945 441 999 sine
465 945 555 1000 damno
579 946 737 1001 exercituum
758 944 909 1016 displicere?
934 945 976 999 Ne

189 1023 313 1077 hominem
327 1022 401 1076 bonis
417 1022 524 1093 publicis
540 1028 665 1088 mestum,
683 1026 710 1077 et
725 1022 768 1093 qui
786 1022 849 1087 lora,
867 1022 974 1087 theatra,

189 1100 282 1171 templa
297 1118 344 1169 pro
360 1098 495 1153 solitudine
510 1099 622 1164 inheret,
639 1100 683 1170 qui
700 1100 859 1154 minitaretur
873 1098 976 1153 exilium

126 1203 127 1222 1
188 1196 268 1241 sunm,
286 1176 430 1230 ambitionis
448 1194 532 1246 prava
547 1180 689 1247 compotem
707 1176 827 1231 iacerent.
863 1176 925 1231 Non
940 1175 997 1233 illi6

188 1253 301 1308 consulta
317 1253 379 1320 hac,
397 1271 450 1306 non
472 1254 639 1324 magistratus
663 1256 708 1307 cut
727 1254 866 1307 Romanam
886 1252 975 1307 urbem

186 1329 273 1384 rideri.
309 1329 480 1400 Abrumperet
493 1330 572 1384 vitam
584 1329 616 1384 ab
634 1348 665 1384 ea
677 1329 787 1394 civitate,
801 1330 872 1401 cujus
885 1330 975 1384 carita-

186 1412 238 1461 tem
256 1405 323 1471 olim,
342 1425 409 1461 nnnc
425 1412 452 1460 et
468 1411 599 1479 aspectum
616 1406 739 1460 exuisset.
776 1406 841 1460 (lum
859 1424 904 1477 per
921 1406 1018 1461 hecar

186 1489 262 1553 atque
278 1483 341 1537 talia
357 1483 502 1548 Marcellus,
521 1487 623 1538 uteret
641 1487 729 1537 torvus
748 1500 777 1537 ae
794 1483 886 1551 minax,
904 1502 972 1549 voce,

185 1561 265 1627 vultu,
283 1559 363 1614 oculis
381 1560 539 1628 ardescerct3
564 1578 615 1614 non
639 1559 683 1615 illa
705 1556 767 1613 nota
784 1564 811 1614 et
829 1559 975 1615 celebritate

184 1638 351 1708 periculorum
370 1641 442 1691 sueta
457 1637 510 1707 jam
526 1640 630 1691 senatus
647 1636 773 1701 maestitia,
793 1636 838 1691 sed
852 1654 933 1691 novus
947 1645 974 1692 et

185 1714 259 1769 altior
269 1732 355 1785 pavor,
366 1732 456 1768 manns
469 1718 495 1768 et
507 1712 560 1769 tela
568 1712 677 1768 militum
687 1712 857 1768 cernentibus.
894 1714 996 1772 Simula

183 1791 263 1862 ipsius
287 1792 404 1846 Thrasea
428 1790 578 1845 venerabilis
603 1791 700 1861 species
724 1790 905 1846 obversabatur
912 1813 920 1858 ;
947 1797 987 1850 et.

126 1880 127 1883 ’
184 1872 256 1922 erant
280 1869 324 1938 qui
348 1867 497 1922 Helvidium
526 1885 626 1938 quoque
654 1868 842 1934 miserarentur,
866 1869 973 1924 innoxiae

183 1945 312 1999 affinitatis
329 1963 415 2015 poenas
433 1944 560 1999 daturum.
597 1943 670 2003 Quid
687 1943 828 2015 Agrippino
846 1945 996 2015 objectuma

181 2021 232 2077 nisi
255 2022 357 2075 tristem
380 2021 460 2092 patris
481 2022 618 2085 fortunam,
639 2021 740 2092 quando
758 2026 784 2074 et
803 2021 844 2075 ille
867 2021 973 2092 perinde

180 2099 301 2152 innocens
319 2097 415 2152 'liberii
433 2098 530 2152 sevitia
547 2097 706 2152 concidisset.
745 2097 881 2152 Enimvero
898 2098 995 2152 Mon-t

126 2214 127 2225 ,
180 2180 270 2228 tenum
293 2174 379 2246 probae
401 2175 513 2245 juventa
539 2193 622 2244 neque
649 2172 739 2228 famosi
763 2173 889 2242 carminis,
913 2175 973 2245 quia

179 2252 318 2322 protulerit
329 2252 467 2322 ingenium,
485 2255 612 2306 extorrem
626 2250 676 2322 agi.
713 2251 799 2320 Atque
810 2251 912 2306 interim
924 2252 1017 2308 02-30

179 2329 262 2383 torius
276 2328 383 2382 Sabinus
402 2329 491 2383 Sorani
506 2331 639 2382 accusator
656 2327 805 2398 ingreditur,
824 2327 972 2400 orditurque

179 2405 212 2459 de
236 2405 348 2459 amicitia
370 2405 484 2460 Rubellii
507 2404 599 2469 Plauti,
625 2403 743 2474 quodque
766 2405 973 2476 proconsulatum

178 2482 250 2537 Asiae
263 2483 374 2536 Soranus
389 2500 435 2553 pro
454 2482 569 2537 claritate
585 2481 635 2536 sibi
652 2482 737 2552 potius
756 2483 972 2538 accommodatum

178 2577 255 2629 quam
275 2578 308 2613 ex
324 2559 436 2614 utilitate
453 2559 580 2614 communi
603 2559 706 2630 egisset,
726 2559 815 2614 alendo
836 2561 971 2616 seditiones

177 2636 330 2691 eivitatium.
365 2637 462 2691 Vetera
474 2637 542 2691 brec:
561 2635 606 2690 sed
618 2655 706 2692 recens
719 2642 745 2691 et
755 2637 822 2707 qnod
835 2637 992 2695 discrimini2

175 2713 259 2784 patris
271 2713 347 2766 filiam
357 2713 530 2778 connectebat,
541 2711 609 2784 qnod
617 2713 750 2784 pecuniam
760 2714 845 2786 Magis
855 2713 972 2786 dilargita

126 2858 127 2867 ἵ
176 2793 256 2844 esset.
293 2789 428 2844 Acciderat
440 2808 500 2845 sane
513 2791 607 2860 pietate
620 2791 740 2856 Serviliae,
752 2790 790 2862 (id
802 2791 868 2846 enim
879 2805 992 2850 nomena

126 2880 127 2897 ¹
175 2867 270 2936 puellae
281 2865 352 2935 init)
373 2885 429 2938 quae
444 2867 550 2922 caritate
567 2887 628 2939 erga
639 2871 777 2939 parentem,
791 2867 866 2922 simul
877 2868 971 2939 impru-

174 2943 267 2998 dentia
283 2943 374 3009 atatis,
393 2948 547 2998 nontamen
564 2944 633 2999 aliud
652 2945 837 3001 consultaverat
853 2963 926 3017 quam
939 2945 970 3001 de
