2550 3500
415 368 610 416 ANNALIUM
627 368 672 416 VI.
691 370 777 416 8-11.
940 372 985 417 18⁹

131 442 133 489 p
193 435 220 471 r.
232 431 310 478 usn]

193 500 252 537 rum
276 480 393 535 tristibus
416 481 492 535 notis.
541 481 582 536 Ne
611 481 712 537 lemine
740 480 842 553 quidem
871 484 985 536 exsortes
996 479 1034 531 10

192 558 308 630 periculi.
345 559 405 617 Qua
419 557 572 629 occupanda
585 557 745 629 reipublice
761 559 833 629 argui
847 577 900 613 non
914 564 986 630 pote-

192 641 260 700 rant,
283 635 316 690 ob
339 634 454 689 lacrimas
478 634 678 699 incusabantur;
696 640 835 705 necataque
858 640 898 690 est
921 654 985 691 anus

191 713 273 778 Vitia,
291 712 358 767 Fufii
376 711 477 766 Gemini
493 716 582 777 mater,
601 712 670 781 quod
692 712 738 767 filii
760 731 847 767 necem
864 713 984 768 flevisset.

190 790 260 845 Haec
271 789 340 861 apud
351 794 474 844 senatum.
510 789 567 845 Nee
576 796 652 843 'secus
664 789 731 860 apud
742 790 881 861 principem
889 790 1009 845 Vescut

190 867 271 923 larius
285 866 387 922 Atticus
399 885 428 921 ac
440 866 524 921 Julius
536 866 654 921 Marinus
667 866 699 921 ad
714 872 822 921 mortem
834 872 952 938 aguntur,
969 886 984 923 c

190 944 373 1000 vetustissimis
390 944 556 1008 familiarium,
575 943 695 998 Rhodum
712 944 836 999 recutiet
852 944 919 1015 apud
936 944 984 999 Ca-

189 1040 267 1093 preas
275 1021 413 1088 individui3
432 1020 595 1076 Vescularius
607 1020 755 1075 insidiarum
766 1022 795 1075 iu
805 1021 929 1077 Libonem
947 1024 984 1077 in·

189 1100 354 1154 temuntius:
372 1099 474 1153 Marino
483 1099 605 1170 participe
618 1099 725 1169 Sejanus
737 1099 856 1153 Curtium
867 1101 983 1155 Atticum

189 1180 360 1247 oppresserat.
409 1176 468 1235 Quo
491 1176 574 1231 laetius
595 1180 728 1248 acceptum
750 1194 797 1230 sua
820 1178 983 1249 exemplam

189 1254 348 1309 consultores
360 1253 486 1309 recidisse.

225 1330 278 1385 Per
294 1330 361 1385 idem
379 1335 481 1402 tempus
499 1331 530 1386 L.
543 1331 604 1385 Piso
621 1330 744 1402 pontifex,
762 1349 847 1385 rarum
864 1330 892 1386 in
909 1335 1007 1387 tantae

188 1406 348 1473 claritudine,
365 1408 419 1462 fsto
437 1408 507 1473 obiit,
520 1408 614 1463 nullius
633 1407 730 1463 servilis
742 1408 875 1462 sententiae
890 1415 980 1478 sponte

188 1488 287 1553 auctor,
303 1491 330 1539 et
347 1487 464 1556 quotiens
478 1486 616 1540 necessitas
630 1485 768 1555 ingrueret,
786 1484 912 1555 sapienter
928 1505 981 1541 mo·

127 1630 128 1635 Ἰ
187 1561 289 1617 denaus.
325 1562 429 1617 Patrem
449 1563 474 1617 ei
491 1562 632 1617 censorium
650 1562 729 1617 luisse
747 1562 900 1627 memoravi3
918 1567 1006 1619 retest

127 1656 128 1665 ¹
187 1638 221 1692 ad
233 1638 416 1709 octogesimum
428 1658 522 1693 annum
537 1639 676 1709 processit;
695 1638 772 1695 decus
789 1638 941 1710 triumphale
953 1640 980 1695 in

187 1716 296 1772 Thracia
318 1722 453 1773 meruerat.
490 1717 540 1774 Sed
563 1718 691 1790 praecipua
707 1736 740 1773 ex
757 1735 787 1773 eo
805 1716 892 1789 gloria,
911 1718 1004 1790 quodt

126 1797 127 1808 ¹
185 1795 326 1866 praefectus
349 1796 406 1850 urbi
429 1814 518 1851 reeens
536 1797 681 1852 continuam
697 1800 851 1867 potestatem
868 1802 895 1851 et
912 1798 979 1852 inso-

185 1871 267 1927 lentia
289 1873 395 1944 parendi
417 1874 558 1944 graviorem
578 1874 642 1928 mire
661 1874 820 1945 temperavit.
861 1871 1024 1946 Namquell

184 1951 270 2019 antea
286 1949 406 2020 protectis
419 1950 493 2004 domo
504 1951 607 2022 regibus
623 1969 653 2006 ac
664 1969 725 2005 mox
735 1951 933 2021 magistratibus,
946 1970 979 2007 ne

184 2026 249 2082 urbs
261 2027 316 2082 siue
333 2027 439 2098 imperio
455 2027 529 2092 toret,
542 2028 569 2082 in
580 2032 682 2098 tempus
701 2027 859 2098 deligebatur
877 2028 921 2098 qui
935 2029 978 2098 jus

183 2103 304 2158 redderet
321 2122 351 2159 ac
368 2104 460 2158 subitis
483 2103 642 2172 mederetur3
660 2105 797 2175 feruntque
818 2105 849 2159 ab
867 2105 978 2159 Romulo

182 2181 311 2236 Dentrem
331 2181 486 2246 Romulium,
506 2185 565 2252 post
586 2181 618 2237 ab
636 2182 710 2236 Tullo
730 2181 845 2236 Hostilio
865 2182 979 2236 Numam

182 2257 320 2323 Marcium,
331 2262 357 2314 et
370 2258 401 2313 ab
410 2258 547 2329 Tarquinio
560 2259 675 2330 Superbo
688 2260 807 2330 Spurium
819 2258 976 2324 Lucretium,

181 2335 324 2406 impositos.
361 2336 429 2390 Dein
444 2336 560 2391 consules
575 2336 746 2400 mandabant,
764 2335 889 2407 duratque
900 2337 1002 2390 simu-2

180 2411 288 2477 lacrum,
301 2413 418 2482 quotiens
430 2412 463 2468 ob
475 2413 550 2468 ferias
562 2413 670 2468 Latinas
683 2413 820 2486 praeficitur
832 2413 875 2484 qui
887 2431 977 2468 consu·

180 2488 235 2544 lure
248 2507 340 2545 munus
348 2494 463 2562 usurpet.
500 2490 620 2546 Ceterum
629 2492 764 2563 Augustus
777 2491 849 2545 bellis
861 2491 1000 2546 civilibuss

181 2566 295 2621 Cilnium
318 2567 493 2632 Maeceuatem,
514 2568 639 2638 equestris
664 2568 766 2633 ordinis,
786 2568 885 2623 cunctis
908 2568 976 2638 apud

180 2643 292 2699 Romam
306 2648 382 2715 atque
394 2645 495 2699 Italiam
507 2646 654 2715 praeposuit.
690 2646 754 2700 Mox
766 2665 850 2700 renum
867 2645 1000 2716 potitust

179 2721 213 2776 ob
225 2721 428 2792 magnitudinem
440 2721 526 2792 popuii
538 2740 567 2776 ac
575 2722 650 2776 tarda
657 2722 742 2794 legum
755 2723 855 2787 auxilia,
866 2722 975 2792 sumpsit

179 2815 195 2852 e
213 2797 390 2853 consularibus
411 2799 456 2869 qui
474 2802 604 2854 coerceret
624 2801 729 2855 servitia
748 2805 775 2855 et
795 2799 863 2871 quod
881 2799 975 2854 civium

178 2875 286 2930 audacia
301 2875 441 2942 turbidum,
454 2875 504 2930 nisi
519 2876 570 2930 vim
586 2881 692 2932 metuat.
737 2878 889 2947 Primusque
904 2875 999 2931 Mes-t

179 2954 233 3008 sala
253 2951 381 3008 Gorsium
400 2971 456 3008 eam
479 2956 641 3025 potestatem,
662 2959 689 3009 et
710 2973 804 3026 paucos
827 2954 897 3009 intra
918 2951 973 3008 dies
