2550 3500
285 361 319 408 44
621 359 741 408 TACITI

919 424 954 485 [a
964 424 991 463 n.
1000 425 1022 464 o.
1032 424 1077 467 ras.

241 475 279 534 73
321 469 401 526 Haud
415 469 512 543 pigebit
526 471 622 526 referre
639 471 669 526 in
683 471 786 527 Falanio
803 475 830 528 et
846 471 952 539 Rubno,
971 474 1078 530 modieis

286 547 413 618 equitibus
426 547 554 613 Romanis,
567 552 719 620 pratentata
735 549 854 605 erimina:
871 554 902 605 ut
919 549 1011 622 quibus
1028 552 1079 607 ini-

285 624 336 690 tiis,
347 629 442 696 quanta
450 625 544 681 Tiberii
556 629 619 692 arte,
632 626 809 698 gravmsbnnm
820 628 926 684 exitium
937 628 1078 700 irrepserit,

286 701 346 758 dein
365 721 508 774 repressum
527 703 569 769 sit,
590 709 719 774 postremo
738 705 829 760 arserit
844 710 985 776 cannaque
1001 707 1079 761 oorri-

262 780 378 850 2puerit,
403 786 531 836 noscatur.
566 781 671 836 Falanio
694 782 830 855 objiciebat
853 790 986 838 anusator
1008 784 1079 854 quod

285 857 353 914 inter
365 857 474 914 cultores
486 860 607 931 Augusti,
621 860 665 930 qui
676 878 722 931 per
733 878 820 916 omnes
832 859 919 916 domos
930 861 959 915 in
973 860 1079 917 modum

285 935 447 1008 collegiorum
458 935 623 1002 habebantur,
633 937 749 992 Cassium
761 937 893 1008 quendam,
906 938 1011 993 mimum
1022 957 1079 994 oor·

284 1030 345 1084 pore
371 1013 499 1080 infamem,
528 1013 684 1080 adscivisset,
712 1014 830 1086 quodque
856 1015 966 1071 venditis
993 1015 1078 1072 hortis

284 1093 396 1146 statuam
419 1091 532 1163 Augusti
555 1091 631 1146 simul
649 1092 824 1163 mancipasset.
859 1092 958 1148 Rubrio
976 1092 1078 1150 crimini

261 1165 393 1222 tdnbatur
412 1167 534 1223 violatum
554 1168 665 1240 perjurio
685 1187 778 1224 numen
792 1169 913 1242 Augusti
949 1170 1015 1230 Qua
1030 1171 1078 1227 ubi

284 1243 385 1300 liberio
397 1249 511 1311 notuere,
524 1245 625 1316 scripsit
643 1246 788 1302 oonsulibus
802 1265 855 1302 non
870 1246 927 1304 ideo
944 1246 1078 1304 decretum

284 1321 352 1391 patri
363 1341 410 1378 suo
422 1322 517 1388 ooelum,
530 1327 560 1378 ut
576 1323 603 1378 in
614 1323 752 1394 perniciem
763 1324 855 1380 civium
866 1324 889 1380 is
900 1325 981 1380 honor
992 1329 1078 1380 verte·

262 1402 363 1455 eretur.
399 1399 516 1455 Cassium
531 1400 680 1456 histrionem
696 1400 799 1456 solitum
811 1402 878 1458 inter
889 1401 951 1457 ulios
962 1401 1078 1472 ejusdem

284 1476 346 1532 artis
369 1475 492 1534 interesse
515 1477 589 1544 ludis,
615 1497 679 1549 quos
701 1483 784 1534 mater
806 1497 853 1534 sua
875 1479 903 1534 in
928 1479 1078 1535 memoriam

283 1554 397 1626 Augusti
420 1559 559 1621 sacrasset;
589 1573 637 1611 neo
660 1559 749 1610 eontra
772 1555 906 1628 religiones
929 1557 984 1612 fieri
1007 1557 1078 1628 quod

283 1631 378 1704 effigies
390 1632 453 1704 ejus,
470 1637 501 1688 ut
518 1632 568 1688 alia
582 1633 714 1688 numinum
730 1632 870 1699 simulacra
887 1633 1076 1690 venditionibus

259 1715 275 1763 ὁ
283 1708 415 1769 hortorum
427 1713 453 1767 et
466 1709 585 1765 domuum
598 1709 726 1767 amedant.
761 1710 810 1767 Jus
819 1710 955 1783 jurandum
971 1711 1077 1784 perinde

283 1788 459 1845 aestimandum
471 1806 547 1860 quam
559 1788 684 1845 silonem
695 1788 842 1845 fefellisset:
856 1789 961 1846 deorum
969 1790 1077 1863 injurias

283 1864 324 1921 dis
336 1883 410 1921 ouum.

240 1938 277 1997 74
319 1942 376 1999 Neo
392 1942 472 1999 multo
490 1946 556 2015 post,
574 1943 696 1999 Granium
712 1943 863 2000 Marcellum
879 1948 1012 2016 pretorem
1030 1944 1077 2000 Bi-

283 2019 379 2093 thynia
391 2024 502 2092 quaestor
517 2021 598 2092 ipsius
616 2021 700 2092 Oaepio
715 2022 847 2092 Crispinus
865 2022 1005 2092 majestatis
1017 2041 1078 2094 pos-

283 2096 383 2163 tulavit,
406 2097 580 2155 subscribente
605 2098 722 2153 Romano
742 2099 876 2171 Hispone;
902 2099 947 2171 qui
969 2099 1078 2157 formam

195 2194 204 2210 ·
284 2175 343 2233 vita
359 2175 423 2241 iniit,
437 2194 513 2248 quam
523 2179 613 2247 postea
628 2176 751 2233 celebrem
769 2177 876 2233 misena
892 2180 1036 2248 temporum
1047 2182 1077 2235 et

261 2252 395 2309 2audaoiae
412 2253 541 2309 hominnm
559 2253 682 2309 fecerunt.
718 2254 786 2309 Nam
804 2272 890 2326 egens,
908 2254 1020 2326 ignotus,
1039 2256 1077 2311 in·

284 2331 363 2403 quies,
384 2330 445 2387 dum
466 2331 572 2387 occultis
592 2331 683 2387 libellis
703 2332 807 2387 saritiae
827 2332 947 2403 principis
968 2332 1075 2405 adrepit,

282 2426 342 2465 mox
363 2408 501 2465 clarissimo
525 2409 616 2481 cuique
639 2409 780 2481 periculum
803 2409 913 2475 facessit,
935 2411 1077 2481 potentiam

282 2486 350 2558 apud
366 2506 454 2553 unum,
472 2487 559 2543 odium
579 2486 648 2559 apud
664 2506 752 2543 omnes
770 2487 885 2559 adeptus,
902 2487 972 2543 dedit
993 2508 1077 2545 erem·

282 2565 352 2637 plum
365 2564 433 2637 quod
444 2566 533 2631 seouti,
547 2583 579 2621 ex
594 2565 748 2636 pauperibus
760 2566 859 2631 divites,
876 2584 909 2621 ex
921 2569 1076 2639 contemptis
1140 2615 1141 2624 ,

284 2642 421 2709 metuendi,
436 2642 572 2715 perniciem
589 2642 645 2697 aliis
663 2660 692 2697 ao
708 2647 866 2715 postremum
882 2643 931 2699 sibi
947 2644 1075 2701 invenere.

262 2721 336 2777 seed
356 2721 506 2779 Marcellum
525 2720 687 2777 insimulabat
707 2721 824 2777 sinistros
847 2720 879 2777 de
899 2721 1000 2777 'liberio
1024 2741 1076 2778 ser·

284 2818 371 2855 mones
390 2799 524 2855 habuisse:
554 2797 699 2853 inevitabile
716 2798 818 2865 crimen,
836 2816 894 2855 oum
912 2818 945 2854 ex
962 2800 1076 2856 moribus

283 2877 403 2949 principis
420 2876 559 2933 sordissima
576 2893 682 2946 quaque
699 2874 821 2947 deligeret
839 2882 971 2933 accusator
982 2878 1076 2949 objec-

281 2958 398 3027 taretque
415 2973 474 3011 reo:
492 2972 551 3009 nam
569 2953 628 3025 quia
642 2971 702 3008 vera
715 2957 797 3020 erant,
811 2954 888 3011 etiam
904 2954 973 3013 diota
989 2956 1075 3013 crede-
