2550 3500
189 456 253 501 ao.
267 458 310 509 m
337 466 340 473 Ι
384 396 581 447 lunanum
599 398 651 447 111.
671 401 773 448 uo-ra.
936 398 982 447 ros

188 511 289 581 spargit
308 509 417 575 bellum3
436 510 481 565 ubi
497 511 644 576 instaretur,
666 511 765 576 cedens,
788 529 817 565 ac
835 528 935 565 rursum
955 510 983 565 in

187 594 263 661 terga
273 608 396 644 remeans.
432 590 468 645 Et
480 590 540 645 dum
558 609 588 645 ea
605 591 671 645 ratio
685 591 792 645 barbaro
809 590 866 655 fuit,
879 591 1008 645 irritumd

186 666 336 737 fessumque
353 667 497 721 Romanum
514 668 616 738 impune
633 668 827 733 ludificabatur;
847 671 982 739 postquam

187 742 294 825 dederit
306 742 338 797 ad
352 744 491 825 maritimos
503 745 579 807 locos,
591 745 706 825 illigatum
718 744 804 827 praeda
815 745 915 827 stativis
928 763 983 799 cas-

187 819 238 867 trus
256 812 414 868 adherebat:
434 832 514 869 missu
532 819 611 885 patris
629 818 757 886 Aproruus
776 815 905 869 Caelanus
925 833 983 869 cum

188 889 277 961 equite
298 894 324 944 et
345 890 491 945 cohortibus
511 892 656 957 auxiliariis,
678 892 735 963 quis
755 891 928 947 uelocissimos
946 892 984 946 le·

189 968 294 1037 monum
311 966 450 1031 addiderat,
463 986 609 1039 prosperam
627 969 760 1024 adversum
776 968 903 1023 Numidas
918 987 984 1039 pug-

189 1044 330 1108 eumfacit,
343 1044 464 1115 pellitque
476 1047 502 1099 in
514 1046 623 1101 deserta.

226 1122 263 1175 At
282 1123 369 1175 Roma
388 1122 492 1192 Lepida,
512 1124 554 1177 cui
574 1142 652 1194 super
671 1122 830 1178 AEmiliorum
852 1121 928 1177 decus
949 1122 981 1176 In
992 1126 1030 1181 22

192 1198 263 1253 Sulla
280 1202 307 1252 et
325 1198 372 1252 Cn.
386 1198 521 1269 Pompeius
542 1200 628 1271 proavi
647 1204 727 1265 eraut,
749 1200 863 1254 defertur
883 1199 983 1253 simula·

191 1276 259 1330 visse
271 1279 373 1345 partum
385 1294 417 1330 ex
428 1276 457 1331 P.
468 1276 573 1341 Qunino
585 1277 663 1331 divite
675 1281 752 1347 atque
769 1276 838 1331 orbo.
874 1276 1007 1347 Adjieier

194 1354 287 1407 bantur
309 1351 438 1417 adulteria,
458 1372 561 1418 venena,
584 1355 769 1424 quaesitumque
787 1372 834 1423 per
851 1353 983 1407 Chaldaeos

192 1430 220 1484 in
244 1428 346 1483 domum
369 1429 483 1495 Caesaris,
509 1430 660 1485 defendente
682 1448 752 1484 ream
774 1430 863 1483 Manio
884 1429 983 1499 Lepido

193 1507 282 1561 fratre.
312 1506 442 1574 Quirinus,
452 1511 510 1577 post
522 1507 618 1562 dictum
627 1506 759 1578 repudium
769 1506 850 1560 adhuc
861 1505 982 1572 infensus,
992 1522 1007 1568 a

194 1582 307 1654 quamvis
330 1582 418 1638 infami
441 1602 470 1638 ac
497 1585 599 1639 nocenti
625 1583 814 1638 miserationem
842 1581 981 1637 addiderat.

194 1658 273 1715 Haud
288 1659 361 1714 facile
379 1660 436 1730 quis
454 1660 591 1730 dispexerit
606 1661 649 1715 illa
665 1660 694 1715 in
710 1660 854 1731 cognitione
871 1663 983 1713 mentem

194 1736 328 1808 principis:
359 1736 421 1794 adeo
444 1738 522 1794 vertit
546 1757 576 1794 ao
598 1738 702 1794 miscuit
725 1738 769 1793 irae
792 1740 819 1792 et
842 1736 983 1793 elementia

196 1816 274 1886 signa.
309 1815 468 1886 Deprecatus
489 1815 571 1886 primo
590 1821 706 1870 senatum
724 1835 757 1870 ne
780 1815 919 1886 majestatis
936 1815 1008 1872 cri-4

195 1893 263 1946 mina
281 1895 461 1958 tractarentur,
483 1911 543 1946 mox
562 1893 600 1947 M.
622 1893 755 1947 Servilium
776 1911 790 1947 e
811 1891 983 1947 consularibus

196 1971 306 2040 aliosque
318 1973 398 2024 testes
416 1969 496 2024 illexit
513 1969 545 2023 ad
556 1970 706 2040 proferenda
722 1989 779 2040 quar
789 1970 860 2024 velut
877 1970 984 2024 reticere

196 2047 317 2101 voluerat.
353 2045 476 2117 Idemque
488 2063 574 2102 servos
586 2047 698 2117 Lepidae,
711 2065 768 2102 eum
779 2047 883 2101 militari
899 2050 1007 2108 custo5

195 2124 238 2178 dia
255 2123 416 2188 haberentur,
429 2123 560 2178 transtulit
578 2123 611 2178 ad
628 2124 752 2191 consules,
768 2142 851 2195 neque
868 2141 914 2193 per
931 2127 984 2176 tor·

195 2205 282 2256 menta
301 2201 452 2272 interrogari
470 2219 559 2271 passus
580 2205 620 2256 est
641 2201 673 2256 de
693 2202 725 2256 iis
748 2220 805 2272 quoe
826 2200 858 2254 ad
881 2199 985 2254 domum

194 2296 267 2333 suam
291 2277 454 2348 pertinerent.
490 2278 592 2332 Exemit
615 2279 693 2332 etiam
713 2279 835 2343 Drusum,
855 2277 1009 2338 cousulens

195 2355 365 2426 designatum,
384 2353 496 2409 dieendae
512 2354 593 2425 primo
611 2355 666 2410 loco
683 2355 831 2420 seutentioe3
857 2353 926 2424 quod
942 2353 984 2408 ulii

194 2432 268 2488 civile
280 2431 410 2496 rebantur,
422 2450 455 2486 ue
466 2432 557 2486 ceteris
574 2431 732 2486 adsentiendi
746 2432 885 2486 necessitas
901 2431 984 2496 fieret,

195 2508 298 2580 quidam
315 2507 348 2562 ad
362 2508 484 2563 saevitiam
501 2509 652 2564 trahebant:
670 2527 753 2579 neque
770 2509 837 2564 enim
854 2527 986 2563 cessurum

193 2587 244 2642 nisi
268 2585 404 2640 damnandi
427 2585 515 2641 officie.
559 2585 657 2656 Lepida
679 2585 797 2640 ludorum
820 2586 916 2651 diebus,
942 2585 986 2656 qui
995 2595 1032 2650 23

194 2663 367 2734 cognitionem
378 2661 574 2727 intervenerant,
588 2663 718 2718 theatrum
729 2682 788 2718 cum
799 2663 873 2718 claris
885 2663 986 2718 feminis

194 2741 319 2812 ingressa,
330 2739 510 2794 lamentatione
527 2739 604 2794 flebili
616 2740 723 2812 majores
736 2759 795 2795 suos
811 2741 879 2795 ciens
890 2739 986 2810 ipsum·

196 2836 244 2888 que
253 2817 413 2886 Pompeium,
427 2817 500 2886 cujus
516 2835 546 2871 ea
559 2823 723 2872 uuonumenta
738 2822 765 2873 et
781 2817 910 2871 adstantes
927 2816 987 2868 ima·

194 2895 268 2964 ,gines
292 2893 451 2960 visebantur,
474 2897 575 2948 tantum
598 2894 777 2949 misericordia
799 2891 931 2964 permovit,
955 2902 987 2943 ut

197 2971 273 3026 effusi
289 2971 317 3026 in
333 2970 450 3026 lacrimas
468 2988 534 3026 sueva
551 2975 577 3025 et
595 2970 745 3026 detestanda
757 2969 865 3030 omino
877 2965 987 3021 elamita·
