2550 3500
292 388 337 433 150
620 384 738 432 TACITI

919 445 1076 495 [arrosa.

290 516 382 568 magno
398 495 493 567 pudore
510 495 624 561 Caesaris,
643 515 700 551 eum
718 496 840 567 primores
859 495 977 560 civitatis,
994 496 1081 549 intimi
1141 503 1142 526 l

290 576 369 645 ipsius
382 574 461 638 amici,
478 574 603 627 Lentulus
621 575 759 628 senectutis
778 578 905 640 extremae,
919 572 1019 627 'Iubere
1037 573 1081 626 de-

290 653 358 706 fecto
370 668 481 720 corpore,
495 650 620 704 turnultus
632 651 732 705 hostilis
745 658 771 705 et
780 650 911 705 turbanda
923 650 961 704 rei
972 649 1082 720 publicae

291 732 493 793 accerserentur3
513 727 558 782 sed
578 728 605 781 hi
623 728 724 797 quidem
742 729 829 783 statim
847 727 972 798 exempti:
991 727 1018 781 in
1037 745 1081 797 pa-

291 809 357 859 trem
369 824 401 859 en
413 805 491 858 servis
504 804 647 874 quaesitum,
661 810 687 859 et
704 806 810 876 quaestio
823 804 927 859 adversa
938 804 1083 859 accusatori

269 882 349 939 nfuit.
384 882 444 949 Qui,
463 882 556 935 scelere
570 900 666 947 vecors,
684 882 759 937 simul
770 882 841 953 vulgi
852 900 952 936 rumore
964 882 1080 947 territus,

291 959 369 1014 robur
385 967 411 1013 et
428 978 516 1013 saxum
534 963 579 1012 aut
596 961 777 1030 parricidanrm
793 978 879 1031 poenas
897 958 1081 1024 minitantium,

270 1037 368 1095 acessit
385 1036 455 1090 urbe.
492 1037 531 1090 Ac
553 1040 679 1091 retractus
703 1038 826 1091 Ravenna
848 1037 954 1106 exsequi
978 1054 1083 1090 accusa-

291 1114 386 1168 tionem
410 1112 528 1183 adigitur,
552 1130 604 1167 non
622 1114 766 1168 occultante
783 1114 884 1168 Tiberio
901 1119 976 1167 vetus
994 1112 1084 1167 odium

269 1190 425 1248 sedversum
438 1190 537 1244 exulem
550 1191 680 1245 Serenum.
716 1191 784 1244 Nam
801 1194 860 1261 post
878 1190 1024 1245 damnatum
1037 1190 1082 1244 Li-

292 1268 383 1322 bonem
397 1268 480 1321 missis
494 1267 525 1321 ad
539 1268 665 1322 Caesarem
681 1268 774 1322 litteris
793 1267 987 1338 exprobraverat
1005 1286 1085 1321 suurn

291 1348 393 1399 tantum
411 1344 524 1400 studium
540 1345 594 1399 sine
612 1345 700 1398 fructu
714 1344 801 1409 fuisse,
822 1344 1003 1414 addideratque
1015 1363 1085 1414 quae·
1141 1347 1142 1398 ξ

293 1421 350 1475 dam
362 1423 534 1477 contumacius
551 1440 626 1493 quam
640 1426 727 1475 tutum
742 1421 809 1492 apud
825 1440 898 1476 aures
914 1421 1037 1492 superbas
1055 1426 1084 1476 et

271 1500 423 1553 toffensioni
435 1500 572 1570 proniores.
608 1499 648 1553 Ea
659 1499 744 1553 Caesar
755 1504 814 1553 octo
829 1502 889 1569 post
906 1517 985 1552 annos
1001 1502 1084 1553 rettu-

292 1575 330 1640 lit,
352 1576 459 1631 mcdium
482 1581 582 1647 tempus
603 1576 672 1630 varie
695 1594 811 1646 arguens,
836 1575 935 1629 etiamsi
954 1579 1086 1629 tormenta

249 1654 432 1724 30pervicacia
443 1672 572 1707 servorum
581 1657 671 1707 contra
679 1653 831 1707 evenissent.
862 1653 946 1707 Dictis
959 1652 1019 1707 dein
1027 1672 1085 1707 sen·

293 1730 380 1785 tentiis
398 1734 428 1784 ut
446 1730 554 1785 Serenus
570 1749 641 1784 more
656 1731 781 1801 majorum
797 1730 937 1802 puniretur,
955 1749 1007 1801 qno
1023 1730 1085 1785 mol-

272 1807 351 1866 alirct
373 1807 499 1871 invidiam,
519 1807 670 1861 intercessit.
706 1808 794 1862 Gallus
812 1808 916 1861 Asinius
934 1807 1019 1878 Gyaro
1038 1811 1085 1862 aut

293 1885 400 1938 Donusa
411 1883 577 1938 claudendum
593 1903 652 1938 cum
669 1889 790 1949 censeret,
809 1884 837 1938 id
853 1903 953 1955 quoque
965 1903 1086 1956 asperna-

293 1972 336 2015 tus
346 1965 392 2026 est,
405 1980 510 2032 egenam
522 1979 593 2032 aquae
611 1966 745 2032 utramque
762 1962 870 2016 insulam
884 1962 1004 2026 referens,
1022 1961 1087 2015 dan-

294 2037 389 2109 dosque
404 2039 463 2093 vita
479 2057 540 2092 usus
557 2039 599 2093 cui
616 2039 670 2093 vita
685 2039 873 2094 concederetur.
909 2039 953 2093 Ita
971 2040 1086 2093 Serenus

273 2117 435 2187 3Amorgum
455 2119 607 2187 reportatur.
650 2117 686 2170 Et
710 2117 769 2187 quia
792 2116 923 2170 Cornutus
941 2134 988 2169 sua
1006 2135 1087 2171 manu

295 2192 426 2258 ceciderat,
444 2198 529 2247 actum
543 2191 574 2248 dc
589 2194 701 2264 praemiis
715 2198 890 2248 accusatomm
906 2192 1043 2258 abolendis,
1062 2194 1087 2248 si

295 2270 351 2340 quis
367 2271 507 2342 majestatis
523 2271 667 2341 postulatus
684 2274 743 2325 ante
760 2271 902 2341 perfectum
915 2269 1040 2342 judicium
1056 2289 1086 2324 se

273 2347 348 2417 tipsc
364 2349 418 2402 vita
429 2348 586 2418 privavisset.
621 2348 763 2418 Ibaturque
775 2348 802 2402 in
814 2366 870 2402 eam
882 2348 1043 2412 sententiam,
1056 2347 1088 2401 ni

295 2424 382 2479 durius
392 2429 529 2496 contraque
540 2443 635 2480 morem
644 2444 726 2489 suum,
737 2425 819 2496 palam
830 2443 876 2495 pro
886 2424 1085 2489 accusatoribus,

295 2501 380 2556 Cacsar
391 2502 476 2556 irritas
487 2502 564 2574 leges,
577 2521 630 2556 rem
642 2502 768 2573 publicam
780 2502 807 2555 in
818 2502 950 2573 precipiti,
963 2520 1087 2572 conques-

295 2583 338 2634 tus
362 2585 443 2634 essct:
475 2580 652 2635 subverterent
675 2580 760 2650 potios
782 2580 841 2650 jura
864 2599 940 2650 quam
964 2579 1087 2634 custodes

274 2661 382 2710 deorum
395 2661 546 2711 amoverent.
584 2657 626 2712 Sic
640 2656 773 2722 delatores,
787 2675 868 2728 genus
881 2657 1010 2711 hominum
1023 2657 1087 2727 pub

296 2733 344 2787 lico
357 2733 433 2786 exitio
446 2737 575 2802 repertum
586 2741 613 2786 et
624 2751 657 2787 ne
675 2734 756 2802 panis
773 2733 873 2803 quidem
891 2751 1004 2803 unquam
1022 2733 1087 2788 satis

296 2809 440 2874 coercitum,
454 2828 499 2879 per
510 2809 612 2880 praemia
624 2809 797 2864 eliciebantnr.

254 2893 287 2948 al
331 2887 381 2942 His
399 2891 451 2940 tam
468 2886 574 2940 assiduis
590 2890 694 2956 tamque
714 2886 809 2941 maestis
827 2884 926 2940 modica
941 2885 1034 2941 laetitia
1049 2887 1089 2940 in-

296 2965 430 3036 terjicitur,
448 2963 515 3036 quod
530 2963 559 3018 (l.
573 2963 717 3018 Cominium
732 2964 843 3037 equitem
861 2963 1014 3032 Romanum,
1029 2981 1089 3035 pro
