<?xml version="1.0" encoding="UTF-8"?>
<!DOCTYPE html PUBLIC "-//W3C//DTD XHTML 1.0 Transitional//EN"
    "http://www.w3.org/TR/xhtml1/DTD/xhtml1-transitional.dtd">
<html xmlns="http://www.w3.org/1999/xhtml" xml:lang="en" lang="en">
 <head>
  <title>
</title>
<meta http-equiv="Content-Type" content="text/html;charset=utf-8" />
  <meta name='ocr-system' content='tesseract 3.04.00' />
  <meta name='ocr-capabilities' content='ocr_page ocr_carea ocr_par ocr_line ocrx_word'/>
</head>
<body>
  <div class='ocr_page' id='page_1' title='image "./operaomniaadfid01tacigoog_0207.png"; bbox 0 0 2550 3500; ppageno 0'>
   <div class='ocr_carea' id='block_1_1' title="bbox 193 394 984 504">
    <p class='ocr_par' dir='ltr' id='par_1_1' title="bbox 193 394 984 504">
     <span class='ocr_line' id='line_1_1' title="bbox 193 394 984 504; baseline -0.001 -63"><span class='ocrx_word' id='word_1_1' title='bbox 193 454 220 492; x_wconf 32' lang='grc' dir='ltr'>Α.</span> <span class='ocrx_word' id='word_1_2' title='bbox 231 454 256 493; x_wconf 34' lang='lat' dir='ltr'>D·</span> <span class='ocrx_word' id='word_1_3' title='bbox 266 452 296 501; x_wconf 45' lang='grc'>34,</span> <span class='ocrx_word' id='word_1_4' title='bbox 307 454 347 504; x_wconf 38' lang='lat'><strong>8⁵¹]</strong></span> <span class='ocrx_word' id='word_1_5' title='bbox 397 394 592 441; x_wconf 83' lang='lat' dir='ltr'>ANNALIUM</span> <span class='ocrx_word' id='word_1_6' title='bbox 612 394 657 441; x_wconf 91' lang='lat' dir='ltr'>VI.</span> <span class='ocrx_word' id='word_1_7' title='bbox 676 396 777 441; x_wconf 76' lang='lat' dir='ltr'>:ro—32.</span> <span class='ocrx_word' id='word_1_8' title='bbox 938 394 984 440; x_wconf 79' lang='lat'>2⁰1</span> 
     </span>
    </p>
   </div>
   <div class='ocr_carea' id='block_1_2' title="bbox 134 502 1057 3048">
    <p class='ocr_par' dir='ltr' id='par_1_2' title="bbox 135 502 1011 884">
     <span class='ocr_line' id='line_1_2' title="bbox 135 502 986 577; baseline 0.001 -22"><span class='ocrx_word' id='word_1_9' title='bbox 135 518 136 531; x_wconf 60' lang='lat'>³</span> <span class='ocrx_word' id='word_1_10' title='bbox 194 505 326 569; x_wconf 86' lang='lat' dir='ltr'>terminos,</span> <span class='ocrx_word' id='word_1_11' title='bbox 340 522 416 575; x_wconf 86' lang='lat' dir='ltr'>seque</span> <span class='ocrx_word' id='word_1_12' title='bbox 429 506 575 559; x_wconf 86' lang='lat' dir='ltr'>invasurum</span> <span class='ocrx_word' id='word_1_13' title='bbox 587 523 703 577; x_wconf 86' lang='lat' dir='ltr'>possessa</span> <span class='ocrx_word' id='word_1_14' title='bbox 719 504 786 577; x_wconf 82' lang='lat' dir='ltr'>Cyro</span> <span class='ocrx_word' id='word_1_15' title='bbox 802 507 828 559; x_wconf 86' lang='lat' dir='ltr'>et</span> <span class='ocrx_word' id='word_1_16' title='bbox 841 507 899 575; x_wconf 91' lang='lat' dir='ltr'>post</span> <span class='ocrx_word' id='word_1_17' title='bbox 911 502 986 557; x_wconf 84' lang='lat' dir='ltr'>Alex·</span> 
     </span>
     <span class='ocr_line' id='line_1_3' title="bbox 194 579 1011 653; baseline 0.002 -20"><span class='ocrx_word' id='word_1_18' title='bbox 194 580 282 645; x_wconf 89' lang='lat' dir='ltr'>andro,</span> <span class='ocrx_word' id='word_1_19' title='bbox 308 600 353 651; x_wconf 88' lang='lat' dir='ltr'>per</span> <span class='ocrx_word' id='word_1_20' title='bbox 375 582 588 652; x_wconf 73' lang='lat' dir='ltr'>vaniloquentiam</span> <span class='ocrx_word' id='word_1_21' title='bbox 612 600 641 637; x_wconf 91' lang='lat' dir='ltr'>ae</span> <span class='ocrx_word' id='word_1_22' title='bbox 664 584 745 636; x_wconf 91' lang='lat' dir='ltr'>minas</span> <span class='ocrx_word' id='word_1_23' title='bbox 767 581 884 653; x_wconf 89' lang='lat' dir='ltr'>jaciebat.</span> <span class='ocrx_word' id='word_1_24' title='bbox 935 579 1011 635; x_wconf 77' lang='lat' dir='ltr'>seda</span> 
     </span>
     <span class='ocr_line' id='line_1_4' title="bbox 194 658 986 715; baseline 0.003 -5"><span class='ocrx_word' id='word_1_25' title='bbox 194 658 299 711; x_wconf 89' lang='lat' dir='ltr'>Parthis</span> <span class='ocrx_word' id='word_1_26' title='bbox 317 658 435 713; x_wconf 89' lang='lat' dir='ltr'>mittendi</span> <span class='ocrx_word' id='word_1_27' title='bbox 453 665 564 715; x_wconf 91' lang='lat' dir='ltr'>secretos</span> <span class='ocrx_word' id='word_1_28' title='bbox 582 660 687 715; x_wconf 92' lang='lat' dir='ltr'>nuntios</span> <span class='ocrx_word' id='word_1_29' title='bbox 710 660 879 714; x_wconf 84' lang='lat' dir='ltr'>vahdissimus</span> <span class='ocrx_word' id='word_1_30' title='bbox 897 662 986 712; x_wconf 80' lang='lat' dir='ltr'>auctor</span> 
     </span>
     <span class='ocr_line' id='line_1_5' title="bbox 193 734 986 808; baseline 0.001 -20"><span class='ocrx_word' id='word_1_31' title='bbox 193 734 246 789; x_wconf 85' lang='lat' dir='ltr'>suit</span> <span class='ocrx_word' id='word_1_32' title='bbox 260 736 386 800; x_wconf 79' lang='lat' dir='ltr'><strong>Sinnaces,</strong></span> <span class='ocrx_word' id='word_1_33' title='bbox 400 736 493 808; x_wconf 87' lang='lat' dir='ltr'>insigni</span> <span class='ocrx_word' id='word_1_34' title='bbox 505 736 599 792; x_wconf 85' lang='lat' dir='ltr'>familia</span> <span class='ocrx_word' id='word_1_35' title='bbox 612 756 641 791; x_wconf 92' lang='lat' dir='ltr'>ac</span> <span class='ocrx_word' id='word_1_36' title='bbox 650 736 754 807; x_wconf 85' lang='lat' dir='ltr'>perinde</span> <span class='ocrx_word' id='word_1_37' title='bbox 763 736 861 807; x_wconf 91' lang='lat' dir='ltr'>opibus,</span> <span class='ocrx_word' id='word_1_38' title='bbox 874 736 901 790; x_wconf 88' lang='lat' dir='ltr'>et</span> <span class='ocrx_word' id='word_1_39' title='bbox 912 753 986 806; x_wconf 87' lang='lat' dir='ltr'>prox·</span> 
     </span>
     <span class='ocr_line' id='line_1_6' title="bbox 193 812 986 884; baseline 0 -19"><span class='ocrx_word' id='word_1_40' title='bbox 193 812 262 866; x_wconf 82' lang='lat' dir='ltr'>imus</span> <span class='ocrx_word' id='word_1_41' title='bbox 274 812 334 867; x_wconf 91' lang='lat' dir='ltr'>huic</span> <span class='ocrx_word' id='word_1_42' title='bbox 346 812 442 881; x_wconf 87' lang='lat' dir='ltr'>Abdus,</span> <span class='ocrx_word' id='word_1_43' title='bbox 455 813 578 884; x_wconf 81' lang='lat' dir='ltr'>adempta</span> <span class='ocrx_word' id='word_1_44' title='bbox 594 814 730 869; x_wconf 89' lang='lat' dir='ltr'>virihtatis.</span> <span class='ocrx_word' id='word_1_45' title='bbox 766 814 827 868; x_wconf 91' lang='lat' dir='ltr'>Non</span> <span class='ocrx_word' id='word_1_46' title='bbox 839 812 986 883; x_wconf 88' lang='lat' dir='ltr'>despectum</span> 
     </span>
    </p>

    <p class='ocr_par' dir='ltr' id='par_1_3' title="bbox 194 886 1034 1966">
     <span class='ocr_line' id='line_1_7' title="bbox 194 886 1012 963; baseline -0.002 -21"><span class='ocrx_word' id='word_1_47' title='bbox 194 886 222 942; x_wconf 92' lang='lat' dir='ltr'>id</span> <span class='ocrx_word' id='word_1_48' title='bbox 234 888 303 959; x_wconf 90' lang='lat' dir='ltr'>apud</span> <span class='ocrx_word' id='word_1_49' title='bbox 314 888 440 954; x_wconf 89' lang='lat' dir='ltr'>barbaros,</span> <span class='ocrx_word' id='word_1_50' title='bbox 454 889 571 962; x_wconf 89' lang='lat' dir='ltr'>ultroque</span> <span class='ocrx_word' id='word_1_51' title='bbox 588 891 728 963; x_wconf 92' lang='lat' dir='ltr'>potentiam</span> <span class='ocrx_word' id='word_1_52' title='bbox 743 890 828 945; x_wconf 89' lang='lat' dir='ltr'>hahet.</span> <span class='ocrx_word' id='word_1_53' title='bbox 863 889 1012 944; x_wconf 74' lang='lat' dir='ltr'>Iiascitisl</span> 
     </span>
     <span class='ocr_line' id='line_1_8' title="bbox 195 966 987 1039; baseline 0 -20"><span class='ocrx_word' id='word_1_54' title='bbox 195 970 223 1019; x_wconf 90' lang='lat' dir='ltr'>et</span> <span class='ocrx_word' id='word_1_55' title='bbox 239 966 295 1020; x_wconf 87' lang='lat' dir='ltr'>aliis</span> <span class='ocrx_word' id='word_1_56' title='bbox 311 966 471 1037; x_wconf 90' lang='lat' dir='ltr'>primoribus,</span> <span class='ocrx_word' id='word_1_57' title='bbox 489 968 548 1039; x_wconf 91' lang='lat' dir='ltr'>quia</span> <span class='ocrx_word' id='word_1_58' title='bbox 564 969 690 1023; x_wconf 89' lang='lat' dir='ltr'>neminem</span> <span class='ocrx_word' id='word_1_59' title='bbox 707 968 792 1039; x_wconf 87' lang='lat' dir='ltr'>gentis</span> <span class='ocrx_word' id='word_1_60' title='bbox 809 966 987 1021; x_wconf 87' lang='lat' dir='ltr'>Arsacidarum</span> 
     </span>
     <span class='ocr_line' id='line_1_9' title="bbox 196 1043 986 1116; baseline 0.001 -20"><span class='ocrx_word' id='word_1_61' title='bbox 196 1060 302 1098; x_wconf 88' lang='lat' dir='ltr'>summae</span> <span class='ocrx_word' id='word_1_62' title='bbox 313 1044 349 1097; x_wconf 89' lang='lat' dir='ltr'>rei</span> <span class='ocrx_word' id='word_1_63' title='bbox 365 1044 493 1115; x_wconf 89' lang='lat' dir='ltr'>imponere</span> <span class='ocrx_word' id='word_1_64' title='bbox 510 1049 635 1116; x_wconf 90' lang='lat' dir='ltr'>poterant,</span> <span class='ocrx_word' id='word_1_65' title='bbox 653 1046 794 1099; x_wconf 85' lang='lat' dir='ltr'>interfectis</span> <span class='ocrx_word' id='word_1_66' title='bbox 812 1044 844 1099; x_wconf 90' lang='lat' dir='ltr'>ab</span> <span class='ocrx_word' id='word_1_67' title='bbox 856 1043 986 1098; x_wconf 83' lang='lat' dir='ltr'>Artabano</span> 
     </span>
     <span class='ocr_line' id='line_1_10' title="bbox 195 1120 986 1193; baseline 0.001 -19"><span class='ocrx_word' id='word_1_68' title='bbox 195 1120 324 1191; x_wconf 85' lang='lat' dir='ltr'>plerisque</span> <span class='ocrx_word' id='word_1_69' title='bbox 336 1125 380 1175; x_wconf 91' lang='lat' dir='ltr'>aut</span> <span class='ocrx_word' id='word_1_70' title='bbox 396 1122 508 1176; x_wconf 92' lang='lat' dir='ltr'>nondum</span> <span class='ocrx_word' id='word_1_71' title='bbox 524 1122 624 1189; x_wconf 87' lang='lat' dir='ltr'>adultis,</span> <span class='ocrx_word' id='word_1_72' title='bbox 642 1124 770 1177; x_wconf 81' lang='lat' dir='ltr'>Phraaten</span> <span class='ocrx_word' id='word_1_73' title='bbox 786 1123 853 1193; x_wconf 90' lang='lat' dir='ltr'>regis</span> <span class='ocrx_word' id='word_1_74' title='bbox 869 1122 986 1176; x_wconf 81' lang='lat' dir='ltr'>Phraatis</span> 
     </span>
     <span class='ocr_line' id='line_1_11' title="bbox 195 1198 987 1269; baseline 0 -16"><span class='ocrx_word' id='word_1_75' title='bbox 195 1198 276 1253; x_wconf 88' lang='lat' dir='ltr'>filium</span> <span class='ocrx_word' id='word_1_76' title='bbox 300 1198 383 1253; x_wconf 89' lang='lat' dir='ltr'>Roma</span> <span class='ocrx_word' id='word_1_77' title='bbox 405 1199 559 1269; x_wconf 90' lang='lat' dir='ltr'>poscebant:</span> <span class='ocrx_word' id='word_1_78' title='bbox 584 1201 685 1255; x_wconf 89' lang='lat' dir='ltr'>nomine</span> <span class='ocrx_word' id='word_1_79' title='bbox 708 1204 808 1255; x_wconf 89' lang='lat' dir='ltr'>tantum</span> <span class='ocrx_word' id='word_1_80' title='bbox 833 1203 860 1253; x_wconf 85' lang='lat' dir='ltr'>et</span> <span class='ocrx_word' id='word_1_81' title='bbox 883 1202 987 1253; x_wconf 87' lang='lat' dir='ltr'>auctore</span> 
     </span>
     <span class='ocr_line' id='line_1_12' title="bbox 195 1273 987 1349; baseline 0.001 -21"><span class='ocrx_word' id='word_1_82' title='bbox 195 1293 269 1346; x_wconf 86' lang='lat' dir='ltr'>opus,</span> <span class='ocrx_word' id='word_1_83' title='bbox 280 1279 311 1329; x_wconf 90' lang='lat' dir='ltr'>ut</span> <span class='ocrx_word' id='word_1_84' title='bbox 324 1280 413 1346; x_wconf 89' lang='lat' dir='ltr'>sponte</span> <span class='ocrx_word' id='word_1_85' title='bbox 432 1276 546 1343; x_wconf 80' lang='lat' dir='ltr'>Caesaris,</span> <span class='ocrx_word' id='word_1_86' title='bbox 563 1281 594 1331; x_wconf 92' lang='lat' dir='ltr'>ut</span> <span class='ocrx_word' id='word_1_87' title='bbox 606 1296 687 1349; x_wconf 89' lang='lat' dir='ltr'>genus</span> <span class='ocrx_word' id='word_1_88' title='bbox 705 1277 815 1341; x_wconf 87' lang='lat' dir='ltr'>Arsacis,</span> <span class='ocrx_word' id='word_1_89' title='bbox 827 1277 908 1347; x_wconf 84' lang='lat' dir='ltr'>ripam</span> <span class='ocrx_word' id='word_1_90' title='bbox 920 1273 987 1347; x_wconf 88' lang='lat' dir='ltr'>apud</span> 
     </span>
     <span class='ocr_line' id='line_1_13' title="bbox 195 1352 1034 1425; baseline 0.002 -18"><span class='ocrx_word' id='word_1_91' title='bbox 195 1352 336 1423; x_wconf 79' lang='lat' dir='ltr'>Euphratis</span> <span class='ocrx_word' id='word_1_92' title='bbox 360 1357 513 1408; x_wconf 89' lang='lat' dir='ltr'>cerneretur.</span> <span class='ocrx_word' id='word_1_93' title='bbox 559 1354 681 1425; x_wconf 85' lang='lat' dir='ltr'>Cupitum</span> <span class='ocrx_word' id='word_1_94' title='bbox 704 1353 731 1408; x_wconf 93' lang='lat' dir='ltr'>id</span> <span class='ocrx_word' id='word_1_95' title='bbox 753 1353 862 1407; x_wconf 80' lang='lat' dir='ltr'>liberio.</span> <span class='ocrx_word' id='word_1_96' title='bbox 904 1353 1034 1409; x_wconf 82' lang='grc'>0111132</span> 
     </span>
     <span class='ocr_line' id='line_1_14' title="bbox 196 1428 988 1501; baseline -0.001 -18"><span class='ocrx_word' id='word_1_97' title='bbox 196 1428 326 1483; x_wconf 82' lang='lat' dir='ltr'>Phraaten</span> <span class='ocrx_word' id='word_1_98' title='bbox 338 1430 497 1501; x_wconf 80' lang='lat' dir='ltr'>accingitque</span> <span class='ocrx_word' id='word_1_99' title='bbox 508 1433 642 1501; x_wconf 88' lang='lat' dir='ltr'>paternum</span> <span class='ocrx_word' id='word_1_100' title='bbox 661 1430 693 1485; x_wconf 89' lang='lat' dir='ltr'>ad</span> <span class='ocrx_word' id='word_1_101' title='bbox 704 1430 843 1501; x_wconf 81' lang='lat' dir='ltr'>fastigium,</span> <span class='ocrx_word' id='word_1_102' title='bbox 861 1428 988 1483; x_wconf 88' lang='lat' dir='ltr'>destinata</span> 
     </span>
     <span class='ocr_line' id='line_1_15' title="bbox 196 1505 987 1576; baseline -0.001 -17"><span class='ocrx_word' id='word_1_103' title='bbox 196 1506 318 1571; x_wconf 86' lang='lat' dir='ltr'>retinens,</span> <span class='ocrx_word' id='word_1_104' title='bbox 332 1505 441 1561; x_wconf 86' lang='lat' dir='ltr'>consiliis</span> <span class='ocrx_word' id='word_1_105' title='bbox 454 1511 480 1562; x_wconf 90' lang='lat' dir='ltr'>et</span> <span class='ocrx_word' id='word_1_106' title='bbox 493 1512 603 1562; x_wconf 90' lang='lat' dir='ltr'>astures</span> <span class='ocrx_word' id='word_1_107' title='bbox 616 1511 734 1561; x_wconf 81' lang='lat' dir='ltr'>externas</span> <span class='ocrx_word' id='word_1_108' title='bbox 748 1506 838 1571; x_wconf 89' lang='lat' dir='ltr'>moliri,</span> <span class='ocrx_word' id='word_1_109' title='bbox 851 1524 920 1559; x_wconf 89' lang='lat' dir='ltr'>arma</span> <span class='ocrx_word' id='word_1_110' title='bbox 931 1521 987 1576; x_wconf 89' lang='lat' dir='ltr'>pro-</span> 
     </span>
     <span class='ocr_line' id='line_1_16' title="bbox 197 1581 1011 1655; baseline -0.005 -18"><span class='ocrx_word' id='word_1_111' title='bbox 197 1582 239 1637; x_wconf 88' lang='lat' dir='ltr'>cul</span> <span class='ocrx_word' id='word_1_112' title='bbox 251 1583 351 1637; x_wconf 88' lang='lat' dir='ltr'>habere.</span> <span class='ocrx_word' id='word_1_113' title='bbox 388 1584 491 1639; x_wconf 85' lang='lat' dir='ltr'>Interea</span> <span class='ocrx_word' id='word_1_114' title='bbox 503 1584 611 1655; x_wconf 88' lang='lat' dir='ltr'>cognitis</span> <span class='ocrx_word' id='word_1_115' title='bbox 623 1584 721 1638; x_wconf 88' lang='lat' dir='ltr'>insidiis</span> <span class='ocrx_word' id='word_1_116' title='bbox 737 1582 881 1637; x_wconf 85' lang='lat' dir='ltr'>Artabanus</span> <span class='ocrx_word' id='word_1_117' title='bbox 893 1581 1011 1635; x_wconf 84' lang='lat' dir='ltr'>tardari2</span> 
     </span>
     <span class='ocr_line' id='line_1_17' title="bbox 196 1658 988 1731; baseline -0.001 -18"><span class='ocrx_word' id='word_1_118' title='bbox 196 1664 276 1725; x_wconf 88' lang='lat' dir='ltr'>metu,</span> <span class='ocrx_word' id='word_1_119' title='bbox 301 1659 375 1714; x_wconf 91' lang='lat' dir='ltr'>modo</span> <span class='ocrx_word' id='word_1_120' title='bbox 396 1660 513 1731; x_wconf 89' lang='lat' dir='ltr'>cupidine</span> <span class='ocrx_word' id='word_1_121' title='bbox 533 1660 651 1715; x_wconf 79' lang='lat' dir='ltr'>vindicta</span> <span class='ocrx_word' id='word_1_122' title='bbox 674 1660 839 1715; x_wconf 86' lang='lat' dir='ltr'>inardescere.</span> <span class='ocrx_word' id='word_1_123' title='bbox 874 1658 910 1713; x_wconf 81' lang='lat' dir='ltr'>Et</span> <span class='ocrx_word' id='word_1_124' title='bbox 932 1658 988 1713; x_wconf 89' lang='lat' dir='ltr'>bar·</span> 
     </span>
     <span class='ocr_line' id='line_1_18' title="bbox 196 1736 986 1811; baseline -0.001 -18"><span class='ocrx_word' id='word_1_125' title='bbox 196 1738 266 1794; x_wconf 89' lang='lat' dir='ltr'>baris</span> <span class='ocrx_word' id='word_1_126' title='bbox 278 1738 407 1794; x_wconf 86' lang='lat' dir='ltr'>cunctatio</span> <span class='ocrx_word' id='word_1_127' title='bbox 424 1739 529 1804; x_wconf 86' lang='lat' dir='ltr'>servilis,</span> <span class='ocrx_word' id='word_1_128' title='bbox 543 1740 630 1795; x_wconf 90' lang='lat' dir='ltr'>statim</span> <span class='ocrx_word' id='word_1_129' title='bbox 649 1740 740 1811; x_wconf 83' lang='lat' dir='ltr'>exequi</span> <span class='ocrx_word' id='word_1_130' title='bbox 757 1740 862 1810; x_wconf 85' lang='lat' dir='ltr'>regium,</span> <span class='ocrx_word' id='word_1_131' title='bbox 877 1736 986 1793; x_wconf 89' lang='lat' dir='ltr'>videtur.</span> 
     </span>
     <span class='ocr_line' id='line_1_19' title="bbox 197 1817 1012 1889; baseline 0.002 -21"><span class='ocrx_word' id='word_1_132' title='bbox 197 1817 287 1872; x_wconf 80' lang='lat' dir='ltr'>Valuit</span> <span class='ocrx_word' id='word_1_133' title='bbox 296 1820 382 1872; x_wconf 90' lang='lat' dir='ltr'>tamen</span> <span class='ocrx_word' id='word_1_134' title='bbox 389 1817 494 1883; x_wconf 91' lang='lat' dir='ltr'>utilitas,</span> <span class='ocrx_word' id='word_1_135' title='bbox 503 1821 533 1872; x_wconf 91' lang='lat' dir='ltr'>ut</span> <span class='ocrx_word' id='word_1_136' title='bbox 543 1818 645 1872; x_wconf 87' lang='lat' dir='ltr'>Abdum</span> <span class='ocrx_word' id='word_1_137' title='bbox 655 1819 737 1889; x_wconf 91' lang='lat' dir='ltr'>specie</span> <span class='ocrx_word' id='word_1_138' title='bbox 746 1817 862 1871; x_wconf 79' lang='lat' dir='ltr'>amicitiae</span> <span class='ocrx_word' id='word_1_139' title='bbox 870 1820 987 1870; x_wconf 90' lang='lat' dir='ltr'>vocatum</span> <span class='ocrx_word' id='word_1_140' title='bbox 997 1825 1012 1870; x_wconf 78' lang='grc'>3</span> 
     </span>
     <span class='ocr_line' id='line_1_20' title="bbox 198 1893 988 1966; baseline -0.003 -18"><span class='ocrx_word' id='word_1_141' title='bbox 198 1893 229 1948; x_wconf 88' lang='lat' dir='ltr'>ad</span> <span class='ocrx_word' id='word_1_142' title='bbox 242 1893 329 1964; x_wconf 89' lang='lat' dir='ltr'>epulas</span> <span class='ocrx_word' id='word_1_143' title='bbox 341 1895 410 1949; x_wconf 91' lang='lat' dir='ltr'>lento</span> <span class='ocrx_word' id='word_1_144' title='bbox 418 1913 516 1950; x_wconf 83' lang='lat' dir='ltr'>veneno</span> <span class='ocrx_word' id='word_1_145' title='bbox 525 1895 643 1966; x_wconf 83' lang='lat' dir='ltr'>illigaret,</span> <span class='ocrx_word' id='word_1_146' title='bbox 654 1896 778 1950; x_wconf 84' lang='lat' dir='ltr'>Sinnacen</span> <span class='ocrx_word' id='word_1_147' title='bbox 790 1893 988 1948; x_wconf 89' lang='lat' dir='ltr'>dissimulatione</span> 
     </span>
    </p>

    <p class='ocr_par' dir='ltr' id='par_1_4' title="bbox 134 1971 1057 3048">
     <span class='ocr_line' id='line_1_21' title="bbox 197 1971 1012 2044; baseline -0.005 -18"><span class='ocrx_word' id='word_1_148' title='bbox 197 1990 227 2027; x_wconf 85' lang='lat' dir='ltr'>ac</span> <span class='ocrx_word' id='word_1_149' title='bbox 246 1971 326 2040; x_wconf 90' lang='lat' dir='ltr'>donis,</span> <span class='ocrx_word' id='word_1_150' title='bbox 344 1973 419 2027; x_wconf 90' lang='lat' dir='ltr'>simul</span> <span class='ocrx_word' id='word_1_151' title='bbox 435 1991 481 2043; x_wconf 88' lang='lat' dir='ltr'>per</span> <span class='ocrx_word' id='word_1_152' title='bbox 498 1973 601 2044; x_wconf 89' lang='lat' dir='ltr'>negotia</span> <span class='ocrx_word' id='word_1_153' title='bbox 618 1977 767 2028; x_wconf 90' lang='lat' dir='ltr'>moraretur.</span> <span class='ocrx_word' id='word_1_154' title='bbox 811 1972 848 2027; x_wconf 81' lang='grc'>111</span> <span class='ocrx_word' id='word_1_155' title='bbox 864 1971 1012 2025; x_wconf 79' lang='lat' dir='ltr'>Phraates4</span> 
     </span>
     <span class='ocr_line' id='line_1_22' title="bbox 197 2049 988 2121; baseline -0.005 -17"><span class='ocrx_word' id='word_1_156' title='bbox 197 2049 266 2121; x_wconf 91' lang='lat' dir='ltr'>apud</span> <span class='ocrx_word' id='word_1_157' title='bbox 285 2049 382 2121; x_wconf 79' lang='lat' dir='ltr'>Syriam</span> <span class='ocrx_word' id='word_1_158' title='bbox 400 2049 461 2104; x_wconf 90' lang='lat' dir='ltr'>dum</span> <span class='ocrx_word' id='word_1_159' title='bbox 478 2051 571 2106; x_wconf 89' lang='lat' dir='ltr'>omisso</span> <span class='ocrx_word' id='word_1_160' title='bbox 590 2051 662 2106; x_wconf 90' lang='lat' dir='ltr'>cultu</span> <span class='ocrx_word' id='word_1_161' title='bbox 678 2050 802 2115; x_wconf 85' lang='lat' dir='ltr'>Romano,</span> <span class='ocrx_word' id='word_1_162' title='bbox 821 2050 863 2104; x_wconf 89' lang='lat' dir='ltr'>cui</span> <span class='ocrx_word' id='word_1_163' title='bbox 879 2067 925 2118; x_wconf 87' lang='lat' dir='ltr'>per</span> <span class='ocrx_word' id='word_1_164' title='bbox 947 2051 988 2101; x_wconf 93' lang='lat' dir='ltr'>tot</span> 
     </span>
     <span class='ocr_line' id='line_1_23' title="bbox 197 2124 988 2194; baseline -0.005 -13"><span class='ocrx_word' id='word_1_165' title='bbox 197 2145 277 2181; x_wconf 88' lang='lat' dir='ltr'>annos</span> <span class='ocrx_word' id='word_1_166' title='bbox 296 2128 447 2193; x_wconf 87' lang='lat' dir='ltr'>insueverat,</span> <span class='ocrx_word' id='word_1_167' title='bbox 464 2127 584 2182; x_wconf 90' lang='lat' dir='ltr'>instituta</span> <span class='ocrx_word' id='word_1_168' title='bbox 600 2129 754 2183; x_wconf 85' lang='lat' dir='ltr'>Parthorum</span> <span class='ocrx_word' id='word_1_169' title='bbox 769 2125 882 2190; x_wconf 91' lang='lat' dir='ltr'>insumit,</span> <span class='ocrx_word' id='word_1_170' title='bbox 898 2124 988 2194; x_wconf 91' lang='lat' dir='ltr'>patriis</span> 
     </span>
     <span class='ocr_line' id='line_1_24' title="bbox 196 2198 1057 2276; baseline -0.006 -18"><span class='ocrx_word' id='word_1_171' title='bbox 196 2203 310 2259; x_wconf 87' lang='lat' dir='ltr'>moribus</span> <span class='ocrx_word' id='word_1_172' title='bbox 322 2204 403 2276; x_wconf 92' lang='lat' dir='ltr'>impar</span> <span class='ocrx_word' id='word_1_173' title='bbox 411 2205 499 2260; x_wconf 89' lang='lat' dir='ltr'>morho</span> <span class='ocrx_word' id='word_1_174' title='bbox 509 2205 658 2276; x_wconf 88' lang='lat' dir='ltr'>absumptus</span> <span class='ocrx_word' id='word_1_175' title='bbox 670 2209 717 2258; x_wconf 88' lang='lat' dir='ltr'>est.</span> <span class='ocrx_word' id='word_1_176' title='bbox 754 2202 805 2258; x_wconf 84' lang='lat' dir='ltr'>Sed</span> <span class='ocrx_word' id='word_1_177' title='bbox 813 2221 865 2256; x_wconf 91' lang='lat' dir='ltr'>non</span> <span class='ocrx_word' id='word_1_178' title='bbox 872 2201 988 2255; x_wconf 82' lang='lat' dir='ltr'>Tiberius</span> <span class='ocrx_word' id='word_1_179' title='bbox 1053 2198 1057 2203; x_wconf 48' lang='lat'><strong>⁴</strong></span> 
     </span>
     <span class='ocr_line' id='line_1_25' title="bbox 197 2277 1012 2353; baseline -0.005 -18"><span class='ocrx_word' id='word_1_180' title='bbox 197 2282 284 2336; x_wconf 89' lang='lat' dir='ltr'>omisit</span> <span class='ocrx_word' id='word_1_181' title='bbox 302 2282 409 2352; x_wconf 89' lang='lat' dir='ltr'>incepta.</span> <span class='ocrx_word' id='word_1_182' title='bbox 445 2281 576 2337; x_wconf 81' lang='lat' dir='ltr'>Tiridaten</span> <span class='ocrx_word' id='word_1_183' title='bbox 594 2282 724 2353; x_wconf 85' lang='lat' dir='ltr'>sanguinis</span> <span class='ocrx_word' id='word_1_184' title='bbox 742 2279 855 2351; x_wconf 86' lang='lat' dir='ltr'>ejusdem</span> <span class='ocrx_word' id='word_1_185' title='bbox 870 2277 1012 2332; x_wconf 79' lang='grc'>1111111115</span> 
     </span>
     <span class='ocr_line' id='line_1_26' title="bbox 134 2355 988 2430; baseline -0.004 -17"><span class='ocrx_word' id='word_1_186' title='bbox 134 2415 135 2422; x_wconf 58' lang='grc'>,</span> <span class='ocrx_word' id='word_1_187' title='bbox 196 2359 336 2424; x_wconf 87' lang='lat' dir='ltr'>Artabano,</span> <span class='ocrx_word' id='word_1_188' title='bbox 354 2359 580 2430; x_wconf 88' lang='lat' dir='ltr'>recuperandaeque</span> <span class='ocrx_word' id='word_1_189' title='bbox 595 2359 721 2413; x_wconf 81' lang='lat' dir='ltr'>Armenia</span> <span class='ocrx_word' id='word_1_190' title='bbox 738 2357 842 2412; x_wconf 88' lang='lat' dir='ltr'>Iberum</span> <span class='ocrx_word' id='word_1_191' title='bbox 854 2355 988 2410; x_wconf 89' lang='lat' dir='ltr'>Mithrida-</span> 
     </span>
     <span class='ocr_line' id='line_1_27' title="bbox 196 2433 988 2508; baseline -0.004 -17"><span class='ocrx_word' id='word_1_192' title='bbox 196 2441 242 2491; x_wconf 89' lang='lat' dir='ltr'>ten</span> <span class='ocrx_word' id='word_1_193' title='bbox 260 2436 356 2508; x_wconf 83' lang='lat' dir='ltr'>deligit,</span> <span class='ocrx_word' id='word_1_194' title='bbox 376 2436 541 2508; x_wconf 87' lang='lat' dir='ltr'>conciliatque</span> <span class='ocrx_word' id='word_1_195' title='bbox 556 2436 630 2490; x_wconf 84' lang='lat' dir='ltr'>fratri</span> <span class='ocrx_word' id='word_1_196' title='bbox 644 2433 814 2498; x_wconf 86' lang='lat' dir='ltr'>Pharasmani,</span> <span class='ocrx_word' id='word_1_197' title='bbox 834 2433 877 2504; x_wconf 92' lang='lat' dir='ltr'>qui</span> <span class='ocrx_word' id='word_1_198' title='bbox 893 2433 988 2504; x_wconf 86' lang='lat' dir='ltr'>gentile</span> 
     </span>
     <span class='ocr_line' id='line_1_28' title="bbox 195 2509 988 2585; baseline -0.004 -17"><span class='ocrx_word' id='word_1_199' title='bbox 195 2513 332 2585; x_wconf 89' lang='lat' dir='ltr'>imperium</span> <span class='ocrx_word' id='word_1_200' title='bbox 349 2513 496 2580; x_wconf 83' lang='lat' dir='ltr'>obtinebat3</span> <span class='ocrx_word' id='word_1_201' title='bbox 521 2517 547 2568; x_wconf 90' lang='lat' dir='ltr'>et</span> <span class='ocrx_word' id='word_1_202' title='bbox 565 2512 664 2568; x_wconf 86' lang='lat' dir='ltr'>cunetis</span> <span class='ocrx_word' id='word_1_203' title='bbox 688 2529 744 2583; x_wconf 89' lang='lat' dir='ltr'>quae</span> <span class='ocrx_word' id='word_1_204' title='bbox 767 2509 835 2581; x_wconf 92' lang='lat' dir='ltr'>apud</span> <span class='ocrx_word' id='word_1_205' title='bbox 857 2511 988 2566; x_wconf 86' lang='lat' dir='ltr'>Orientem</span> 
     </span>
     <span class='ocr_line' id='line_1_29' title="bbox 195 2587 1011 2662; baseline -0.006 -16"><span class='ocrx_word' id='word_1_206' title='bbox 195 2591 359 2662; x_wconf 87' lang='lat' dir='ltr'>parabantur,</span> <span class='ocrx_word' id='word_1_207' title='bbox 372 2591 404 2644; x_wconf 87' lang='lat' dir='ltr'>L.</span> <span class='ocrx_word' id='word_1_208' title='bbox 416 2590 550 2646; x_wconf 83' lang='lat' dir='ltr'>Vitellium</span> <span class='ocrx_word' id='word_1_209' title='bbox 559 2589 680 2661; x_wconf 85' lang='lat' dir='ltr'>praefecit.</span> <span class='ocrx_word' id='word_1_210' title='bbox 716 2589 755 2643; x_wconf 82' lang='lat' dir='ltr'>Eo</span> <span class='ocrx_word' id='word_1_211' title='bbox 764 2587 795 2643; x_wconf 88' lang='lat' dir='ltr'>de</span> <span class='ocrx_word' id='word_1_212' title='bbox 806 2589 908 2642; x_wconf 90' lang='lat' dir='ltr'>homine</span> <span class='ocrx_word' id='word_1_213' title='bbox 920 2588 1011 2642; x_wconf 76' lang='lat' dir='ltr'>haudd</span> 
     </span>
     <span class='ocr_line' id='line_1_30' title="bbox 196 2664 988 2741; baseline -0.006 -18"><span class='ocrx_word' id='word_1_214' title='bbox 196 2687 252 2723; x_wconf 90' lang='lat' dir='ltr'>sum</span> <span class='ocrx_word' id='word_1_215' title='bbox 272 2668 376 2738; x_wconf 87' lang='lat' dir='ltr'>ignarus</span> <span class='ocrx_word' id='word_1_216' title='bbox 395 2668 523 2722; x_wconf 87' lang='lat' dir='ltr'>sinistram</span> <span class='ocrx_word' id='word_1_217' title='bbox 540 2667 568 2722; x_wconf 91' lang='lat' dir='ltr'>in</span> <span class='ocrx_word' id='word_1_218' title='bbox 585 2666 648 2722; x_wconf 90' lang='lat' dir='ltr'>urhe</span> <span class='ocrx_word' id='word_1_219' title='bbox 666 2667 766 2732; x_wconf 87' lang='lat' dir='ltr'>famam,</span> <span class='ocrx_word' id='word_1_220' title='bbox 785 2665 904 2741; x_wconf 85' lang='lat' dir='ltr'>pleraque</span> <span class='ocrx_word' id='word_1_221' title='bbox 921 2664 988 2719; x_wconf 83' lang='lat' dir='ltr'>foeda</span> 
     </span>
     <span class='ocr_line' id='line_1_31' title="bbox 195 2742 986 2816; baseline -0.006 -17"><span class='ocrx_word' id='word_1_222' title='bbox 195 2745 338 2809; x_wconf 88' lang='lat' dir='ltr'>memorari,</span> <span class='ocrx_word' id='word_1_223' title='bbox 347 2749 457 2799; x_wconf 88' lang='lat' dir='ltr'>ceterum</span> <span class='ocrx_word' id='word_1_224' title='bbox 466 2743 727 2816; x_wconf 85' lang='lat' dir='ltr'>regendisprovinciis</span> <span class='ocrx_word' id='word_1_225' title='bbox 735 2742 986 2814; x_wconf 86' lang='lat' dir='ltr'>priscavirtuteegit.</span> 
     </span>
     <span class='ocr_line' id='line_1_32' title="bbox 196 2818 1012 2894; baseline -0.009 -17"><span class='ocrx_word' id='word_1_226' title='bbox 196 2824 274 2878; x_wconf 89' lang='lat' dir='ltr'>Unde</span> <span class='ocrx_word' id='word_1_227' title='bbox 293 2841 432 2894; x_wconf 86' lang='lat' dir='ltr'>regressus,</span> <span class='ocrx_word' id='word_1_228' title='bbox 450 2827 477 2877; x_wconf 91' lang='lat' dir='ltr'>et</span> <span class='ocrx_word' id='word_1_229' title='bbox 493 2821 626 2876; x_wconf 88' lang='lat' dir='ltr'>formidine</span> <span class='ocrx_word' id='word_1_230' title='bbox 644 2821 673 2876; x_wconf 86' lang='lat' dir='ltr'>C.</span> <span class='ocrx_word' id='word_1_231' title='bbox 687 2821 802 2886; x_wconf 76' lang='lat' dir='ltr'>Caesaris,</span> <span class='ocrx_word' id='word_1_232' title='bbox 819 2818 1012 2874; x_wconf 74' lang='lat' dir='ltr'>familiaritate?</span> 
     </span>
     <span class='ocr_line' id='line_1_33' title="bbox 197 2893 989 2970; baseline -0.008 -16"><span class='ocrx_word' id='word_1_233' title='bbox 197 2900 305 2967; x_wconf 84' lang='lat' dir='ltr'>Claudii,</span> <span class='ocrx_word' id='word_1_234' title='bbox 327 2905 402 2970; x_wconf 87' lang='lat' dir='ltr'>turpe</span> <span class='ocrx_word' id='word_1_235' title='bbox 425 2899 453 2953; x_wconf 91' lang='lat' dir='ltr'>in</span> <span class='ocrx_word' id='word_1_236' title='bbox 472 2899 603 2954; x_wconf 86' lang='lat' dir='ltr'>servitium</span> <span class='ocrx_word' id='word_1_237' title='bbox 626 2902 747 2964; x_wconf 89' lang='lat' dir='ltr'>mutatus,</span> <span class='ocrx_word' id='word_1_238' title='bbox 772 2897 899 2967; x_wconf 84' lang='lat' dir='ltr'>exemplar</span> <span class='ocrx_word' id='word_1_239' title='bbox 921 2893 989 2964; x_wconf 89' lang='lat' dir='ltr'>apud</span> 
     </span>
     <span class='ocr_line' id='line_1_34' title="bbox 196 2974 989 3048; baseline -0.01 -16"><span class='ocrx_word' id='word_1_240' title='bbox 196 2985 314 3048; x_wconf 88' lang='lat' dir='ltr'>posteros</span> <span class='ocrx_word' id='word_1_241' title='bbox 339 2975 473 3032; x_wconf 87' lang='lat' dir='ltr'>adulatorii</span> <span class='ocrx_word' id='word_1_242' title='bbox 501 2974 630 3031; x_wconf 87' lang='lat' dir='ltr'>dedecoris</span> <span class='ocrx_word' id='word_1_243' title='bbox 656 2976 781 3042; x_wconf 85' lang='lat' dir='ltr'>hahetur;</span> <span class='ocrx_word' id='word_1_244' title='bbox 809 2974 989 3041; x_wconf 87' lang='lat' dir='ltr'>cesseruntque</span> 
     </span>
    </p>
   </div>
   <div class='ocr_carea' id='block_1_3' title="bbox 0 0 1283 3500">
    <p class='ocr_par' dir='ltr' id='par_1_5' title="bbox 0 0 1283 3500">
     <span class='ocr_line' id='line_1_35' title="bbox 0 0 1283 3500; baseline 0 0"><span class='ocrx_word' id='word_1_245' title='bbox 0 0 1283 3500; x_wconf 95' lang='lat' dir='ltr'> </span> 
     </span>
    </p>
   </div>
  </div>
 </body>
</html>
