2550 3500
303 375 336 424 28
639 373 760 422 'factal

304 484 435 540 avaritiam
451 487 496 540 aut
508 485 684 542 crudelitatem
695 504 821 543 consensu
831 439 1101 559 objectavlisilitiiossl-

304 562 411 618 vehatur
423 563 519 618 militia

255 641 294 697 45
340 640 382 695 Sic
397 640 542 711 compositis
559 641 734 712 praesentibus,
753 641 821 696 haud
835 642 917 696 minor
932 643 1011 698 moles
1026 663 1100 715 supe

304 721 372 771 renat
395 716 428 772 ob
452 717 570 784 ferociam
590 719 686 790 quintae
706 724 733 774 et
753 720 940 776 unetvicesimae
961 721 1098 793 legionum,
1133 722 1135 737 '

304 794 488 865 sexagesimum
508 795 577 866 apud
595 796 704 868 lapidem
724 796 790 866 (loeo
809 798 904 852 Vetera
924 817 1017 853 nomen
1036 800 1099 867 est)

280 870 500 928 ahibemmtium.
537 873 605 928 Nam
632 874 708 945 primi
736 875 887 930 seditionem
910 882 1099 946 ooeptaverant:

304 949 489 1004 atrocissimum
508 949 626 1022 quodque
644 951 743 1007 lacinus
770 952 861 1007 horum
876 953 992 1009 manibus
1015 960 1101 1024 patra·
1133 980 1134 985 ¹

304 1030 376 1093 tum;
394 1045 442 1083 nec
453 1045 527 1099 poena
538 1028 739 1084 commilitonum
753 1030 872 1086 exterriti
886 1049 934 1085 nec
951 1032 1101 1102 penitentia
1133 1010 1134 1095 l

280 1106 419 1162 econversi
431 1105 481 1160 iras
497 1105 649 1162 retinebant.
685 1108 771 1179 Igitur
788 1108 874 1162 Caesar
889 1127 966 1174 mma,
985 1109 1100 1176 classem,
1133 1112 1134 1159 t

305 1181 386 1236 socios
403 1181 537 1238 demittere
549 1184 641 1239 Rheno
653 1191 733 1257 parat,
752 1185 919 1256 siimperium
933 1185 1099 1251 detrectem,
1133 1184 1134 1205 ¹

305 1257 371 1313 bello
383 1265 535 1316 certaturus.

257 1339 296 1395 46
344 1342 381 1396 At
393 1339 482 1394 ltomae
493 1337 606 1394 nondum
618 1338 721 1412 cognito
732 1340 777 1412 qni
787 1339 880 1395 fnisset
894 1340 980 1395 exitus
995 1339 1023 1394 in
1039 1340 1100 1411 Illy·

305 1421 365 1486 rico,
385 1423 411 1473 et
428 1417 556 1489 legionum
575 1418 781 1474 Germanicarum
797 1425 867 1474 motu
887 1419 981 1484 eudito,
1000 1419 1101 1490 trepida

305 1499 394 1555 civitas
406 1496 521 1551 incusare
537 1495 667 1551 Tiberium
682 1496 757 1568 quod,
771 1496 832 1550 dum
847 1502 933 1568 patres
949 1503 976 1551 et
991 1497 1099 1567 plebem,

305 1574 415 1632 invalida
430 1579 457 1628 et
474 1573 587 1639 inermia
604 1575 767 1629 cunctatione
782 1574 841 1629 licta
858 1575 1009 1640 luditieetur,
1027 1575 1101 1629 dissi·

306 1654 365 1710 deat
382 1651 482 1708 interim
502 1650 581 1716 miles,
600 1670 682 1722 neque
700 1651 808 1707 duorum
825 1651 1023 1708 adolescentium
1039 1669 1101 1707 non·

282 1732 367 1789 2dum
379 1730 466 1787 adulta
481 1729 633 1785 auctoritate
647 1731 779 1802 comprimi
794 1735 879 1803 queat.
916 1731 959 1786 Ire
974 1732 1059 1802 ipsum
1074 1734 1101 1785 et

305 1826 433 1882 opponere
456 1808 615 1879 majestatem
634 1808 821 1879 imperatoriam
844 1808 962 1864 debuisse
982 1810 1099 1874 cessuris,

307 1888 351 1943 ubi
371 1886 510 1958 principem
534 1885 610 1957 longa
630 1887 787 1957 experientia
806 1886 964 1957 eundemque
982 1888 1101 1942 severita-

283 1965 341 2020 atis
354 1970 380 2019 et
392 1963 570 2018 munificentie
582 1982 709 2019 summum
727 1963 858 2019 vidissent.
893 1967 937 2019 An
951 1966 1101 2035 Angustum

306 2043 375 2097 fesso
390 2046 466 2095 aetate
481 2042 576 2095 totiens
594 2041 622 2095 in
643 2042 791 2097 Germanias
811 2059 952 2097 commeare
971 2042 1100 2113 potuisse:

306 2118 436 2175 'liberium
454 2118 583 2187 rigentem
602 2118 675 2173 annis
695 2118 783 2174 sedere
798 2119 826 2173 in
845 2124 944 2183 senatu,
964 2118 1043 2173 verbo
1060 2138 1101 2190 pa·

283 2201 376 2253 atrum
391 2195 568 2252 cavillantem?
588 2196 656 2251 Satis
673 2202 835 2268 prospectum
850 2196 953 2251 urbano
967 2197 1100 2251 servituti:

307 2272 458 2405 milllintaribus
479 2272 569 2329 animis
585 2272 728 2328 adhibenda
747 2274 867 2341 tomenta,
883 2280 915 2329 ut
930 2272 997 2329 terre
1014 2292 1101 2345 pucem
1134 2241 1136 2334 i

307 2352 355 2407 ve'
376 2356 396 2406 t.
1134 2347 1135 2370 ¹

260 2434 298 2491 47
344 2428 483 2483 Immotum
504 2426 625 2483 adversus
642 2446 686 2483 eos
705 2446 834 2484 sermones
854 2428 984 2500 mumque
1000 2428 1102 2484 'liberio

310 2504 368 2571 iuit,
378 2523 430 2560 non
441 2505 560 2560 omittere
571 2511 649 2577 eaput
661 2524 755 2571 rernm,
768 2524 851 2578 neque
867 2524 895 2562 se
906 2524 1011 2577 remque
1022 2507 1103 2577 publi·

285 2596 365 2643 team
377 2584 405 2637 in
416 2600 503 2638 casum
515 2582 582 2637 dare.
619 2583 706 2637 Multa
718 2584 811 2655 qnippe
822 2590 850 2639 et
862 2583 962 2639 diversa
968 2585 1103 2654 angebant,

308 2660 414 2717 validior
432 2679 478 2733 per
499 2661 660 2716 Germaniam
674 2663 810 2727 exercitus,
832 2662 935 2733 propior
953 2661 1021 2733 apud
1039 2663 1103 2717 Pan-

308 2738 427 2805 noniam
445 2737 487 2793 ille
516 2738 654 2793 Galliarum
682 2739 773 2809 opibus
801 2739 933 2806 subnixus,
956 2739 999 2794 hic
1022 2739 1102 2795 Italie

308 2816 456 2871 imminens:
476 2833 539 2887 quos
567 2816 648 2887 igitur
673 2817 831 2872 anteferret?
849 2834 887 2882 ae,
911 2834 944 2872 ne
967 2817 1102 2887 postpositi

286 2893 462 2954 aeontumelia
478 2892 681 2949 incenderentur.
726 2896 762 2948 At
778 2912 824 2964 per
839 2894 904 2949 filios
920 2895 1016 2965 puriter
1031 2894 1101 2959 adiri,

286 2971 442 3043 smajastate
459 2970 536 3035 salva,
549 2969 591 3025 oui
602 2971 682 3041 major
698 2988 713 3025 e
730 2970 866 3043 longinquo
880 2970 1030 3027 reverantia.
1065 2971 1102 3027 oi·
