2550 3500
303 388 348 436 196
636 388 755 435 TACI'l'l

929 450 966 499 [A.
975 450 1006 489 U.
1013 452 1037 490 G.
1047 451 1092 493 tac.

302 498 423 553 custodiae
439 498 557 569 juvenem
571 499 638 567 (nam
656 499 683 553 in
700 500 799 555 Palatio
813 498 989 571 attinebatur,)
1002 501 1095 557 ducem

278 576 394 646 6populo
406 576 542 645 imponere.
578 576 643 630 Mox
662 576 721 647 quia
737 595 825 632 rumor
842 576 976 631 incedebat
992 578 1050 633 fore
1063 586 1095 634 ut

302 672 369 707 nuru
392 671 421 707 ac
444 652 532 723 nepoti
555 654 732 709 conciliaretur
756 655 849 719 Caesar,
872 654 996 709 saevitiam
1017 674 1095 726 quam

256 735 293 788 24
303 728 476 801 penitentiam
494 729 591 784 maluit.
628 730 700 790 Quin
718 735 745 786 et
759 732 876 786 invectus
890 730 919 785 in
934 730 1094 799 defunctum,

302 807 395 878 probra
406 807 524 877 corporis,
539 807 693 863 exitiabilem
704 809 731 863 in
747 828 814 874 suos,
823 808 959 863 'infensum
974 810 1013 864 rei
1030 810 1095 881 pub-

302 885 357 939 licae
369 885 478 939 animum
491 884 600 957 objecit;
618 887 770 959 recitarique
781 887 907 941 factorum
914 886 1095 959 dictorumque
1144 931 1146 934 .

303 962 357 1033 ejus
377 962 504 1032 descripta
522 980 568 1033 per
588 962 642 1019 dies
656 964 741 1035 jussit,
759 982 809 1035 quo
826 982 879 1019 non
894 963 965 1018 aliud
982 966 1095 1021 atrocius

279 1040 392 1097 2visum.
429 1039 550 1095 Astitisse
567 1043 609 1095 tot
626 1060 672 1112 per
689 1059 768 1095 annos
784 1042 829 1112 qni
845 1040 954 1106 vultum,
973 1040 1094 1112 gemitus,

303 1116 431 1171 occultum
447 1117 523 1171 etiam
541 1136 656 1172 murmur
671 1118 824 1189 exciperent,
841 1122 869 1174 et
887 1119 1002 1189 potuisse
1018 1136 1096 1172 avum

303 1194 397 1259 audire,
422 1194 513 1265 legere,
538 1195 566 1249 in
588 1194 718 1265 publicum
740 1212 863 1265 promere,
883 1194 928 1249 vix
945 1194 1025 1261 fides3
1045 1195 1096 1253 nisi

304 1270 372 1341 quod
389 1271 456 1325 Attii
472 1270 626 1325 centurionis
643 1275 670 1326 et
687 1271 792 1343 Didymi
811 1270 897 1325 liberti
915 1271 1030 1342 epistola
1044 1290 1096 1327 ser·

303 1366 393 1402 vorum
413 1348 515 1402 nomina
534 1348 710 1420 preferebant,
731 1353 762 1403 ut
781 1348 838 1419 quis
858 1347 1033 1419 egredientem
1053 1367 1096 1404 cu·

280 1432 387 1487 3biculo
410 1432 524 1487 Drusum
547 1432 699 1503 pulsaverat,
724 1435 890 1487 exterruerat.
937 1431 1024 1487 Etiam
1049 1451 1096 1487 sua

303 1510 381 1565 verba
392 1510 505 1565 centurio
518 1508 621 1564 saevitiae
632 1508 714 1579 plena,
726 1513 847 1578 tanquam
860 1509 1000 1579 egregium,
1006 1527 1095 1564 voces-

304 1606 353 1657 que
363 1586 500 1641 deficientis
512 1585 638 1655 adjecerat
649 1606 656 1652 ς
674 1588 733 1656 quis
745 1586 826 1656 primo
838 1584 1015 1641 alienationem
1026 1605 1096 1641 men-

304 1666 339 1718 tis
363 1664 483 1718 simulans
507 1663 579 1733 quasi
602 1682 648 1733 per
671 1662 823 1717 dementiam
851 1662 956 1717 funesta
984 1663 1095 1729 liberio,

303 1760 370 1810 mox,
388 1740 434 1796 ubi
454 1759 542 1810 exspes
566 1740 626 1796 vitae
650 1740 708 1806 fuit,
733 1740 867 1795 meditatas
890 1740 1096 1812 compositasque

305 1817 371 1872 diras
391 1817 590 1888 imprecabatur,
610 1821 649 1884 ut,
665 1818 875 1888 quemadmodum
893 1837 988 1873 nurum
1004 1819 1097 1874 filium-

305 1913 354 1965 que
365 1894 451 1948 fratris
464 1898 490 1948 et
502 1897 607 1965 nepotes
619 1893 772 1966 domumque
785 1914 885 1950 omnem
900 1895 1012 1951 caedibus
1027 1915 1097 1951 com·

304 1971 431 2042 plevisset,
455 1971 493 2025 ita
515 1989 601 2042 poenas
629 1971 726 2026 nomini
754 1973 890 2044 generique
913 1973 1040 2044 majorum
1070 1977 1098 2028 et

280 2049 414 2121 tpostcris
426 2047 563 2103 exolveret.
599 2047 778 2103 Obturbabant
796 2048 897 2119 quidem
911 2054 998 2120 patres
1010 2050 1099 2120 specie

306 2125 462 2182 detestandi:
482 2124 527 2180 sed
538 2125 687 2196 penetrabat
699 2144 778 2197 pavor
789 2130 816 2181 et
832 2125 964 2180 admiratio
975 2126 1100 2181 callidum

305 2204 366 2260 olim
381 2207 408 2260 et
423 2202 539 2275 tegendis
558 2201 695 2258 sceleribus
713 2203 849 2258 obscurum
865 2203 916 2258 bno
936 2203 1100 2258 confidentiae

305 2282 411 2348 vennae,
424 2288 455 2336 ut
473 2285 593 2352 tanquam
610 2280 712 2335 dimotis
730 2280 868 2352 parictibus
886 2280 1034 2336 ostenderet
1055 2301 1101 2337 ne·

305 2363 392 2430 potem
412 2359 460 2414 sub
478 2358 582 2414 verbere
603 2358 766 2423 centurionis,
784 2358 853 2413 inter
870 2375 1002 2413 servornm
1017 2359 1099 2424 ictus,

305 2440 419 2491 extrema
430 2436 489 2490 vitae
501 2435 620 2490 alimenta
631 2435 728 2490 frustra
739 2440 861 2490 orantem

258 2517 295 2571 25
340 2512 462 2568 Nondum
473 2513 496 2567 is
509 2512 581 2568 dolor
591 2513 743 2579 exoleverat,
757 2531 815 2568 oum
827 2513 860 2568 de
871 2512 1013 2584 Agrippina
1025 2513 1102 2569 audi-

305 2593 368 2656 tum,
382 2608 458 2660 quam
469 2589 604 2644 interfecto
617 2591 708 2661 Sejano
720 2608 765 2660 spe
777 2594 948 2645 sustentatam
954 2590 1102 2661 provixisse

305 2685 370 2732 reor,
383 2670 410 2720 et
422 2669 556 2737 postquam
567 2667 630 2720 nihil
642 2667 675 2720 de
691 2667 790 2721 saevitia
804 2666 990 2732 remittebatur,
1008 2667 1103 2723 volun·

305 2748 360 2798 tate
381 2743 527 2807 extinctam,
549 2742 599 2796 nisi
622 2742 645 2797 si
664 2743 765 2814 negatis
786 2743 911 2798 alimentis
931 2743 1102 2801 assimulatus

229 2815 232 2820 ⁵
283 2826 346 2879 2est
369 2820 434 2886 finis,
460 2819 504 2890 qui
528 2817 657 2873 videretur
680 2824 771 2888 sponte
794 2823 920 2890 sumptus.
956 2820 1103 2876 Enimvero

306 2899 422 2954 Tiberius
443 2894 586 2951 foedissimis
605 2895 822 2951 criminationibus
842 2897 944 2962 exarsit,
961 2897 1104 2968 impudici-

307 2977 369 3031 tiam
389 2991 498 3046 arguens
518 2976 545 3028 et
564 2971 682 3028 Asinium
702 2973 803 3028 Gallum
820 2972 972 3041 adulterum,
988 2975 1103 3046 ejusque
