2550 3500
170 450 189 489 Δ
206 450 225 487 1>
240 449 265 489 m
377 387 573 437 ANNALIUM
590 388 645 438 XV.
663 390 751 437 5-10.
910 388 956 436 sul

171 499 253 569 signia
273 448 398 571 1gestabat,
422 504 493 555 retro
514 500 603 557 erasit.
647 498 799 569 Hostiaque,
823 514 880 569 quas
902 505 981 553 mus

170 576 311 642 ciebantur,
329 576 498 632 hibernaculis
515 578 636 632 assistens
654 576 787 632 semifacta
803 592 880 646 opera
896 574 959 646 fuga

170 653 284 724 perrupit
301 672 379 725 seque
396 653 463 709 vallo
480 654 581 709 extulit.
616 655 653 709 Et
670 654 722 726 pila
738 652 847 709 militum
865 660 979 717 arserat

171 731 251 802 magis
268 730 362 802 insigni
378 730 501 802 prodigio,
520 731 579 802 quia
596 732 708 787 Parthus
722 730 803 786 hostis
820 728 957 785 missilibus

171 808 229 862 telis
245 806 366 862 decertat.
403 807 523 862 Ceterum
540 808 628 863 Poetus
643 808 735 879 spretis
750 806 883 871 ominibus,
899 805 985 861 uec-8

171 884 232 939 dum
249 884 311 939 satis
329 884 434 939 firmatis
451 884 627 951 hibernaculis,
646 884 715 942 nullo
733 885 770 939 rei
787 883 959 939 frumentaria

171 961 281 1032 provisu,
299 960 367 1031 rapit
384 960 523 1015 exercitum
540 964 612 1017 trans
628 966 741 1017 montem
758 962 869 1016 Taurum
886 978 959 1016 recu-

171 1037 295 1109 perandis,
318 1036 476 1103 atterebat,
501 1038 696 1109 ligranocertis,
720 1038 899 1110 vastandisque
918 1056 959 1093 re-

170 1116 288 1188 gionibus
306 1134 368 1187 quas
386 1116 497 1172 Corbulo
519 1117 632 1189 integras
656 1117 790 1172 omisisset.
825 1117 861 1173 Et
884 1120 980 1188 captat

134 1201 135 1208 ’
171 1192 285 1264 quaedam
297 1193 407 1259 omtelln,
420 1193 558 1266 gloriaque
569 1199 596 1249 et
612 1193 704 1266 prada
717 1194 832 1249 nonnihil
848 1199 958 1266 partum,

170 1272 194 1325 si
205 1275 250 1324 aut
261 1270 366 1341 gloriam
378 1288 436 1325 cum
451 1271 527 1326 modo
544 1277 590 1327 aut
607 1271 718 1343 pradum
733 1288 791 1327 oum
807 1288 868 1327 cura
881 1271 959 1327 habu-

170 1349 241 1403 isset.
277 1348 435 1419 Longinquis
446 1349 580 1404 itineribus
592 1348 762 1420 percursando
777 1356 834 1420 qu'm
850 1348 980 1405 obtineris

170 1422 317 1495 nequibant,
333 1429 453 1496 corrupto
469 1426 513 1496 qui
529 1430 619 1497 captus
637 1429 693 1481 erat
710 1429 860 1490 commeatu,
877 1429 904 1481 et
921 1425 958 1481 in·

171 1505 257 1556 stante
265 1502 317 1573 jam
332 1502 421 1567 hieme,
438 1502 541 1558 reduxit
556 1503 704 1569 exercitum,
719 1502 911 1574 composuitque
926 1502 959 1559 ad

171 1579 297 1633 Garamam
308 1579 407 1634 litterae
420 1580 492 1650 quasi
503 1580 620 1635 coniectu
632 1579 705 1644 bello,
716 1579 799 1635 verbis
811 1580 957 1651 magnificis,

170 1674 256 1710 rerum
274 1674 375 1711 vacuas.
411 1655 519 1711 Interim
537 1656 649 1711 Corbulo
669 1674 799 1728 uunquam
818 1656 984 1731 neglectam9

170 1733 310 1804 Euphratis
329 1734 412 1806 ripam
429 1732 598 1790 crebrioribus
614 1732 738 1806 presidiis
755 1733 863 1802 insedit3
881 1737 909 1792 et
926 1753 960 1790 ne

170 1811 244 1881 ponti
254 1811 389 1883 injiciendo
400 1810 608 1883 impedimentum
617 1811 722 1868 hostiles
734 1815 825 1868 turma
833 1813 959 1882 alienent,

172 1888 235 1958 (jem
254 1890 321 1943 enim
338 1888 462 1960 subjectis
477 1889 572 1960 campis
588 1907 682 1962 magna
696 1889 782 1962 specie
798 1889 959 1960 volitabant)

170 1983 249 2019 nares
260 1966 434 2038 magnitudine
445 1971 596 2038 prestantes
613 1972 641 2022 et
657 1986 782 2024 connexas
799 1967 914 2023 trabibus
930 1985 961 2023 ac

171 2041 286 2097 turribus
297 2048 385 2098 anctus
396 2044 451 2116 agit
462 2062 508 2115 per
519 2063 625 2111 amnem,
634 2045 820 2117 catapultisque
829 2049 855 2100 et
863 2044 960 2100 balistis

172 2119 308 2191 proturbat
330 2120 467 2187 barbmos3
484 2120 513 2175 in
535 2139 599 2192 quos
622 2141 685 2177 saxa
707 2126 734 2177 et
757 2121 837 2177 basta
859 2121 960 2192 longius

172 2196 343 2267 permeabant,
364 2216 440 2268 quam
459 2203 490 2253 ut
508 2199 635 2254 contrario
649 2199 801 2270 sagittarum
809 2199 882 2270 jactu
898 2197 960 2254 ade-

173 2278 320 2344 quarentur.
355 2274 424 2329 Dein
443 2293 507 2346 pons
525 2277 697 2341 continuatus,
718 2275 843 2346 collesque
862 2274 983 2331 adversi2

135 2408 136 2413 χ
172 2369 219 2423 per
236 2351 317 2406 socias
334 2351 458 2417 cobortes,
473 2356 533 2424 post
549 2351 679 2424 legionum
692 2353 782 2408 castris
796 2357 959 2424 occupantur,

135 2422 138 2555 [
173 2431 246 2482 tanta
257 2427 387 2483 celeritate
398 2439 425 2484 et
437 2431 608 2485 ostentatione
618 2429 709 2485 virium
721 2432 752 2484 ut
760 2429 857 2496 Parthi,
868 2431 961 2486 omisso

173 2509 265 2576 paratu
284 2505 432 2561 invadenda
452 2506 538 2578 Syriae,
558 2524 630 2578 spem
648 2525 748 2562 omnem
765 2506 794 2562 iu
815 2508 961 2564 Armeniam

173 2585 311 2637 verterent.
346 2582 401 2639 Ubi
418 2584 508 2638 Patus
521 2583 709 2639 imminentium
723 2583 831 2652 nescius,
846 2585 961 2657 qrdntam
970 2583 1007 2638 10

136 2732 137 2735 ¹
173 2660 298 2731 legionem
311 2659 400 2730 procul
411 2659 439 2714 in
454 2661 538 2715 Ponto
555 2660 673 2728 habebut,
688 2661 797 2734 reliquas
813 2662 962 2734 promiscuis

136 2756 137 2765 ¹
174 2737 284 2791 militnm
295 2736 478 2792 commeatibus
488 2737 667 2808 infirmaverat,
676 2738 756 2794 donec
767 2739 903 2795 adventare
912 2739 962 2793 Vc

174 2813 278 2885 logescn
289 2832 382 2887 magno
401 2819 429 2870 et
450 2814 551 2870 infenso
574 2815 675 2887 agmine
698 2815 821 2872 auditum.
857 2814 985 2874 Accitnru

174 2890 242 2962 legio
253 2891 409 2957 duodecima,
422 2895 449 2948 et
460 2891 530 2947 unde
540 2892 634 2948 famam
651 2893 721 2950 aucti
736 2893 862 2949 exercitus
879 2909 962 2963 spera

176 2975 255 3036 verat,
267 2969 369 3042 prodita
378 2970 558 3044 infrequentia
594 2971 655 3032 Qun
665 2975 752 3027 tannen
762 2969 867 3026 retineri
880 2973 985 3026 causa
