2550 3500
384 368 579 415 ANNALIUM
597 367 659 414 XII.
679 368 779 415 11-15.
934 368 979 413 241

131 432 133 449 ¹
186 434 215 472 A.
226 432 252 471 D.
264 430 305 480 AG]

187 478 272 537 multd
284 498 342 535 cum
354 478 468 534 anhelitu
478 479 593 534 redeunt.
628 478 742 533 Rursum
761 477 831 543 deus,
844 495 895 548 qua
905 476 1005 531 silvest

188 556 366 630 pererraverit,
378 564 503 611 nocturno
519 556 575 611 visu
593 554 757 621 demonstret,
770 556 981 626 reperiunturque

186 636 254 690 fusae
274 634 368 705 passim
391 635 459 688 ferae.
497 633 617 688 Ceterum
642 633 771 698 Gotarzes,
789 632 900 688 nondum
918 632 979 687 satis
991 630 1029 684 14

187 716 266 767 aucto
280 710 400 775 exercitu,
418 710 521 765 flumine
540 710 632 765 Corma
648 728 695 780 pro
712 710 869 765 munimento
886 710 935 775 uti,
953 713 980 763 et

132 810 133 813 ¹
187 806 333 861 quanquam
344 806 390 857 per
406 786 586 842 insectationes
599 790 625 842 et
641 787 745 841 nuntios
762 787 795 842 ad
810 786 924 859 praelium
938 805 980 840 vo-

186 869 298 931 caretur,
312 868 415 919 uectere
426 882 516 929 moras,
534 865 604 919 locos
616 868 723 933 mutare,
735 868 762 919 et
778 865 862 920 missis
878 882 980 935 corrup

186 942 288 997 toribus
300 941 440 997 exuendam
458 940 489 997 ad
506 942 582 997 fidem
594 942 681 997 hostes
699 942 827 997 emercari
862 942 904 997 Ex
921 942 1004 1013 quise

186 1021 274 1076 Izates
285 1018 439 1084 Adiabenus,
452 1037 512 1073 mox
527 1018 643 1073 Acbarus
661 1018 776 1075 Arabum
792 1038 850 1074 cum
867 1019 981 1074 exercitu

187 1095 323 1161 abcednnt,
336 1094 440 1150 levitate
449 1096 545 1167 gentili,
556 1100 582 1150 et
592 1096 651 1166 quia
664 1096 841 1167 experimentis
850 1096 980 1167 cognitum

187 1177 230 1229 est
253 1172 373 1227 barbaros
394 1172 468 1227 malle
488 1174 572 1227 Roma
589 1176 676 1243 petere
693 1192 767 1245 reges
785 1191 860 1243 quam
878 1174 978 1228 habere.

186 1253 226 1307 At
239 1249 401 1305 Meherdates
414 1250 503 1305 vahdis
516 1250 616 1305 auxiliis
633 1249 752 1316 nudatus,
766 1256 907 1305 ceterorum
923 1260 1004 1321 pro-3

188 1328 286 1384 ditione
304 1331 429 1397 suspecta,
449 1327 516 1398 quod
533 1346 611 1381 unum
629 1327 761 1397 reliquum,
780 1347 833 1382 rem
850 1327 878 1381 in
894 1346 981 1382 casum

188 1406 252 1461 dere
268 1404 404 1475 pralioque
420 1404 529 1475 experiri
544 1404 644 1459 statuit.
680 1404 738 1459 Neo
753 1404 903 1459 detrectavit
918 1424 981 1475 pug-

188 1502 250 1539 nam
266 1482 395 1546 Gotarzes,
413 1481 549 1537 deminutis
565 1482 682 1537 hostibus
699 1482 779 1537 ferox.
815 1482 1006 1536 Concursum-4

189 1578 240 1633 que
260 1577 352 1631 magna
369 1558 436 1614 caede
453 1562 479 1613 et
495 1557 614 1629 ambiguo
631 1561 732 1623 eventu,
755 1558 834 1613 donec
851 1558 979 1623 Carenem,

188 1636 331 1709 profligatis
352 1635 464 1691 obversis
484 1635 584 1707 longius
606 1639 730 1700 erectum,
751 1635 852 1707 integer
871 1654 888 1690 a
906 1640 980 1707 tergo

189 1714 281 1788 globus
300 1712 500 1770 circumveniret.
535 1713 601 1768 lum
618 1713 687 1768 omni
705 1731 749 1784 spe
764 1712 864 1784 perdita
879 1712 1004 1768 Meter-5

131 1791 133 1814 ³
189 1792 271 1857 dates,
285 1791 410 1862 promissa
420 1791 553 1846 Parrhaois
565 1791 665 1862 paterni
683 1790 781 1846 chentis
793 1797 904 1856 secutus,
923 1791 980 1847 dolo

189 1870 248 1942 ejus
266 1868 376 1924 vincitur
404 1867 564 1939 traditurque
592 1869 692 1924 victori.
744 1870 831 1939 Atque
859 1868 901 1924 ille
929 1877 1006 1924 nont

189 1945 361 2018 propinquum
377 1963 461 2016 neque
478 1945 579 2000 Arsame
599 1945 630 2000 de
650 1948 734 2017 gente,
754 1945 800 2000 sed
819 1946 984 2018 alienigenam

189 2027 218 2079 et
236 2023 380 2078 Romanum
397 2022 536 2093 increpans,
556 2023 659 2078 amibus
677 2022 768 2078 decisis
792 2023 877 2078 rivere
898 2024 982 2095 jubet,

189 2099 305 2156 ostentui
317 2099 455 2155 clementiae
465 2103 552 2154 suaet
562 2099 589 2154 in
598 2119 645 2154 nos
657 2100 890 2156 dehonestamento.
916 2102 1006 2158 Dein7

191 2179 314 2233 Gotarzes
330 2175 419 2231 morbo
437 2175 508 2242 obiit,
527 2177 674 2248 accitusque
690 2178 717 2232 in
731 2196 838 2248 regnum
854 2177 982 2244 Vonones,

190 2253 284 2311 Medos
306 2257 364 2309 tum
386 2253 531 2324 praesidens.
567 2254 647 2308 Nulla
663 2255 724 2309 huic
740 2272 863 2325 prospera
880 2259 925 2308 eut
943 2256 1005 2312 ada

190 2351 267 2390 verse
290 2333 349 2404 quis
373 2335 572 2386 memoraretur:
602 2331 674 2387 brevi
697 2336 724 2386 et
747 2332 855 2403 inglorio
878 2332 984 2404 imperio

131 2461 132 2468 ,
190 2409 342 2482 perfunctus
355 2412 402 2475 est,
412 2427 503 2480 resque
511 2407 663 2464 Parthorum
674 2409 702 2464 in
713 2408 793 2463 filium
806 2409 862 2481 ejus
875 2410 985 2484 Vologe-

191 2507 239 2544 sen
251 2487 388 2542 translatae.
995 2491 997 2496 '

226 2567 265 2622 At
285 2565 449 2620 Mithridates
473 2565 636 2637 Bosporanus
661 2565 760 2621 amissis
783 2566 874 2638 opibus
893 2586 984 2640 vagus,
994 2574 1030 2626 15

191 2647 330 2716 postquam
342 2642 448 2698 Didium
460 2641 551 2698 dulcem
562 2643 707 2698 Romanum
719 2643 846 2716 roburque
859 2646 986 2700 exercitus

192 2727 279 2784 abisse
291 2730 451 2799 cognoverat,
464 2727 566 2789 relictos
579 2728 607 2782 in
615 2745 769 2800 nororegno
779 2729 871 2800 Cotyn,
879 2729 988 2800 juventa
1006 2744 1008 2750 ·

192 2804 291 2870 rudem,
313 2808 340 2860 et
360 2821 452 2875 paucas
469 2805 611 2860 cohortium
630 2823 689 2860 oum
704 2805 775 2860 lulio
792 2806 886 2876 Aquila
902 2806 987 2876 equite

193 2883 319 2947 Romanu,
333 2881 425 2953 spretis
442 2881 558 2953 utrisque
576 2883 675 2938 concire
686 2885 812 2948 nationes,
825 2883 918 2938 ilhcere
932 2901 987 2952 per-

194 2961 269 3033 fugus
277 2981 286 3027 ;
304 2965 433 3032 postremo
449 2959 562 3014 exercitu
577 2965 665 3039 coacto
684 2979 771 3033 regem
785 2959 988 3016 Dandaridarum

131 3085 132 3100 γ
215 3055 273 3090 rso,
282 3054 336 3084 ron.
346 3055 362 3083 r.
579 3053 598 3092 R
