2550 3500
200 423 253 463 AB
270 424 312 474 m
400 360 596 409 ANNALIUM
611 359 667 408 XV.
685 362 787 409 42—45.
940 356 987 405 359

200 481 228 528 et
238 475 310 529 nulla
319 472 410 527 umbra
421 472 550 527 defensam
565 471 680 542 graviore
696 474 761 527 aestu
778 470 915 529 ardescere.
946 467 1033 545 'ntra

198 551 252 607 hac
263 550 364 622 quidem
375 550 491 605 humanis
503 548 612 604 consiliis
624 548 826 619 providebantur.
864 547 927 603 Mox
943 562 987 616 pe-

198 628 248 683 rin
264 628 306 683 dia
323 627 430 700 piacula,
449 626 561 697 aditique
577 626 678 697 Sibyllae
695 625 760 692 libri,
773 645 806 683 ex
821 624 911 697 quibus
928 641 986 693 anp-

197 706 318 777 plicatum
326 704 439 759 Volcano
450 707 478 759 et
490 703 578 759 Cereri
585 703 800 776 Proserpinaeque,
808 722 838 759 ac
848 700 987 774 propitiata

134 847 135 856 ἶ
198 784 270 838 Jano
284 801 331 854 per
346 785 483 847 matronas,
496 781 606 853 primum
622 780 650 835 in
666 780 799 853 Capitolio,
812 780 902 839 deinde
919 777 987 849 apud

134 883 135 926 3
198 860 343 931 proximum
354 876 431 924 mare,
442 858 511 913 nnde
527 858 621 913 bansta
630 876 697 929 aqua
709 859 832 930 ternplum
850 861 876 913 et
887 856 987 912 simula-

199 955 271 992 crum
288 935 342 991 deae
357 954 518 1007 perspersum
533 939 593 1002 est;
611 939 638 991 et
650 936 800 995 sellisternia
811 954 841 991 aa
857 933 987 1006 pervigilia

199 1014 358 1069 celebravere
369 1013 470 1068 feminoe
480 1012 573 1083 quibus
589 1007 676 1069 mariti
693 1017 773 1069 erant.
809 1012 860 1069 Sed
872 1030 924 1067 non
939 1020 1009 1081 open

198 1092 314 1156 bumana,
336 1108 388 1145 non
407 1079 583 1162 largitionibus
602 1090 722 1163 principia
746 1094 791 1147 aut
811 1090 884 1145 dedan
904 1088 987 1160 placa·

199 1168 293 1223 mentis
307 1166 444 1222 decedebat
459 1167 570 1232 infamia,
584 1167 645 1238 quin
661 1167 761 1238 jussum
778 1166 921 1223 incendium
932 1182 986 1221 cre·

199 1245 311 1299 deretur.
347 1244 417 1316 Ergo
433 1244 555 1299 abolendo
566 1246 663 1299 rumori
674 1245 744 1301 Nero
756 1242 869 1301 subdidit
880 1261 944 1309 reos,
958 1245 1006 1309 etp
1076 1288 1079 1294 r

199 1321 383 1393 quaesitissimis
403 1321 484 1391 poenis
507 1322 599 1387 affecit,
621 1339 685 1393 qnos
708 1340 754 1393 per
772 1320 869 1393 flagitia
891 1320 985 1376 invisos

199 1398 292 1467 vulgus
315 1398 475 1453 Christianos
497 1398 647 1469 appellabat.
682 1399 782 1454 Auctor
803 1397 911 1453 nominis
930 1397 1009 1467 ejusd

200 1476 326 1541 Christus,
344 1474 445 1531 Tiberio
462 1475 630 1545 imperitante,
648 1493 694 1547 per
712 1478 901 1547 procuratorem
919 1474 986 1529 Pou-

199 1554 266 1608 tinm
286 1553 398 1609 Pilatum
417 1552 541 1624 supplicio
561 1553 666 1608 affectus
684 1555 754 1619 erat;
778 1568 941 1622 repressaque
958 1550 986 1605 in

198 1649 311 1701 praesens
328 1629 464 1685 exitiabilis
482 1629 630 1700 superstitio
647 1648 748 1685 rursum
766 1627 919 1699 erumpebat,
934 1645 986 1683 non

198 1708 274 1764 modo
291 1726 337 1781 per
349 1706 472 1774 Judaam,
488 1706 613 1778 originem
629 1706 684 1778 ejus
700 1706 766 1774 mali,
779 1704 824 1764 aed
839 1722 884 1778 per
897 1702 986 1762 urbem

199 1787 284 1852 etiam,
302 1804 354 1858 quo
372 1789 465 1841 cuncta
483 1783 595 1856 undique
612 1785 709 1840 atrocia
728 1787 772 1840 aut
792 1783 910 1856 pudenda
927 1801 986 1840 con-

198 1863 283 1918 fluunt
307 1862 522 1934 celebranturque.
564 1861 650 1934 Igitur
672 1862 781 1934 primum
805 1861 914 1932 correpti
942 1860 1008 1932 quie
1062 1892 1064 1897 ·

199 1939 352 2006 fatebantur,
361 1939 451 1995 deiude
461 1939 554 1995 indicio
565 1957 653 1994 eorum
664 1939 801 1996 multitudo
814 1939 910 2011 ingens,
918 1937 987 1994 hand

200 2016 304 2088 perinde
314 2017 342 2071 in
352 2017 457 2072 crimine
466 2016 583 2083 incendii,
597 2035 672 2088 qnam
690 2016 747 2074 odio
763 2017 867 2073 humani
878 2015 985 2087 genens,

199 2093 311 2150 convicti
321 2098 390 2149 sunt.
424 2093 460 2149 Et
473 2094 637 2165 pereuntibus
650 2093 735 2149 addita
750 2093 864 2162 ludibria,
879 2096 910 2147 nt
921 2093 1008 2152 fera-6

200 2189 258 2226 ram
268 2171 349 2242 tergis
361 2171 471 2226 contecti
481 2170 578 2226 laniatu
591 2189 684 2226 cauum
695 2171 835 2236 interirent,
849 2173 893 2226 aut
905 2170 987 2224 oruci-

200 2247 250 2302 bus
267 2247 344 2313 affixi,
359 2251 404 2302 aut
419 2247 570 2313 dammandi,
587 2251 664 2318 atque
681 2247 726 2302 ubi
742 2247 874 2304 defecisset
887 2245 947 2314 dies,
958 2246 987 2302 in

200 2343 277 2380 usum
287 2325 406 2380 nocturni
415 2325 517 2381 luminis
524 2328 667 2379 urerentur.
703 2325 801 2380 Hortos
813 2342 872 2380 auos
881 2324 905 2382 ei
916 2333 1008 2394 spec?

201 2401 287 2458 taenio
309 2401 381 2457 Nero
403 2401 537 2470 obtulerat,
556 2404 583 2456 et
606 2401 717 2456 droeuee
739 2400 864 2458 ludicram
886 2401 984 2468 edebat,

201 2479 292 2534 habitu
310 2479 404 2550 auriga
421 2479 561 2550 permixtus
577 2478 647 2550 plebi
660 2479 701 2534 vel
716 2479 841 2534 cmmculo
857 2477 985 2536 insistens.

202 2555 287 2621 Unde,
300 2573 443 2626 quanquam
454 2555 574 2623 adversm
586 2558 672 2611 sontes
690 2558 716 2611 et
728 2555 863 2612 novissima
873 2555 1009 2626 exemplar

202 2633 314 2698 meritos,
337 2632 466 2688 miseratio
491 2632 630 2698 oriebatur,
654 2636 775 2704 tanquam
797 2651 850 2690 non
875 2633 986 2690 utilitate

202 2709 304 2784 publica
320 2709 366 2765 sed
382 2709 410 2764 in
426 2710 548 2766 sevitiam
562 2710 639 2766 nnius
651 2709 849 2766 absumerentur.
885 2711 987 2766 Interea
994 2713 1031 2768 4⁵

203 2789 361 2845 conferendis
374 2789 488 2862 pecuniis
504 2793 650 2860 pervastata
667 2789 749 2856 ltalia,
768 2789 901 2861 provinciae
919 2807 987 2846 ever-

203 2885 246 2933 sae,
266 2863 379 2938 sociique
400 2866 487 2938 populi
506 2864 533 2920 et
551 2886 608 2938 que
628 2867 769 2922 civitatium
792 2867 876 2922 liberoe
898 2885 987 2928 vocau-

203 2948 255 3001 tur.
290 2944 374 3017 Inque
392 2962 449 3000 eam
468 2943 579 3016 praedam
598 2943 676 3000 eliam
695 2943 724 3000 di
747 2962 852 3010 cessere,
873 2943 1010 3016 spoliatie2
