2550 3500
132 368 139 469 Ι
195 456 311 507 ΗΜ]
396 392 588 442 Α’ΝΝΑΜΗΜ
605 393 652 440 xr.
672 393 770 441 19-22.
932 394 978 439 aaa

132 545 141 597 μ
194 508 305 562 medium
318 506 368 561 diei
379 504 516 577 porticibus
529 502 641 560 secretus
653 504 741 576 agitat,
754 501 838 559 oblata
849 503 873 558 ei
884 504 979 575 specics

132 600 142 700 l

194 584 323 639 muliebris
333 583 400 637 ultra
408 582 510 637 modum
518 583 661 647 humanum,
669 586 696 637 et
705 580 791 636 audita
799 588 839 636 est
848 597 904 647 vox,
915 582 931 611 “
939 580 980 635 Tu

194 680 230 726 es,
248 660 324 728 Rufe,
342 660 386 731 qui
401 660 428 714 iu
443 660 508 714 hanc
522 660 674 730 provinciam
689 676 735 729 pro
751 658 854 713 consule
867 658 978 713 venies.’'

194 738 251 793 nali
269 734 396 791 ominein
417 754 486 807 spem
505 736 619 791 sublatus
637 736 815 807 digressusque
831 736 859 790 in
875 734 1004 803 urbem;3

194 819 222 869 et
233 814 367 885 largitione
379 813 521 879 amicorum,
541 813 616 869 simul
628 813 680 869 acri
692 813 801 885 ingenio,
819 816 977 884 questurum,

195 903 222 947 et
245 910 305 945 mox
321 890 417 945 nobiles
435 890 502 945 inter
520 890 665 945 candidatos
688 894 831 961 praeturam,
856 889 979 961 Principis

196 968 319 1039 suffragio
331 966 486 1038 adsequitur,
499 984 556 1021 cum
569 967 638 1021 hisce
650 966 733 1021 verbis
745 967 859 1021 Tiberius
871 966 979 1021 dedecus

194 1046 317 1100 natalium
329 1044 385 1114 ejus
396 1043 537 1109 velavisset,
552 1048 568 1073 “
581 1043 685 1097 Curtius
701 1044 786 1098 Ruina
803 1043 904 1098 videtur
918 1044 980 1098 mihi

194 1142 226 1177 ex
239 1140 267 1177 se
278 1122 380 1175 natus.''
415 1120 505 1192 Longa
516 1123 574 1191 post
586 1121 639 1175 haec
652 1124 759 1185 senecta,
773 1125 799 1175 et
808 1120 926 1175 adversus
939 1136 1005 1182 sur

194 1199 306 1270 periores
318 1197 386 1252 tristi
393 1198 542 1265 adulatione,
550 1214 669 1269 arrogans
678 1197 822 1265 minoribus,
831 1196 898 1252 inter
906 1216 978 1269 pares

195 1276 310 1340 difficilis,
324 1275 454 1329 consudare
466 1274 604 1345 imperium,
618 1274 740 1344 triumphi
754 1274 868 1345 insignia,
882 1294 911 1331 ac
922 1294 979 1347 pos-

193 1357 277 1407 trerno
289 1352 401 1407 Africam
413 1351 538 1419 obtinuit;
557 1355 633 1423 atque
644 1351 680 1407 ibi
689 1351 822 1407 defunctus
831 1351 907 1407 fatale
916 1372 979 1425 pree·

194 1430 294 1501 sagium
305 1428 426 1500 implevit.

229 1508 333 1562 Interea
355 1506 451 1571 Romae,
476 1505 551 1561 nullis
574 1506 656 1577 palam
678 1524 760 1577 neque
783 1506 891 1578 cognitis
919 1512 1024 1566 mox22

194 1584 286 1649 causis,
312 1583 359 1638 On.
377 1583 478 1637 Nonius
502 1602 578 1654 eques
601 1584 731 1638 Romanus
754 1583 822 1639 ferro
851 1584 977 1639 accinctus

192 1660 322 1732 reperitur
338 1660 366 1715 in
386 1664 453 1716 coetu
471 1660 625 1715 salutantum
644 1660 789 1731 principem.
824 1662 891 1716 Nam
908 1666 1002 1733 post-2

194 1757 272 1810 quam
283 1738 416 1793 tormentis
434 1736 607 1804 dilaniabatur,
627 1737 659 1793 de
673 1757 700 1793 se
716 1757 768 1794 non
781 1738 904 1795 infitiatus
920 1759 979 1796 con·

132 1845 134 1894 3
194 1817 261 1872 scios
273 1833 325 1870 non
336 1815 421 1880 edidit,
435 1816 559 1870 incertum
572 1833 603 1869 an
617 1816 753 1871 occultans.

132 1897 134 1944 t
229 1892 316 1948 Isdem
337 1892 482 1948 consulibus
502 1893 531 1947 P.
545 1893 676 1948 Dolabella
693 1894 791 1949 censuit
808 1895 1001 1966 spectaculum

194 1970 364 2042 gladiatorum
386 1987 432 2041 per
455 1987 540 2024 omnes
564 1987 643 2024 annos
666 1971 848 2037 celebrandum,
872 1973 978 2044 pecunia

193 2065 283 2103 eorum
304 2047 347 2119 qui
367 2050 519 2118 quaesturam
540 2047 744 2120 adipiscerentur.
779 2049 856 2121 Apud
870 2050 1002 2122 majorest

193 2125 301 2181 uirtutis
312 2124 340 2180 id
351 2125 481 2196 praemium
493 2125 584 2194 iuerat,
596 2128 744 2196 cunctisque
756 2127 855 2192 civium,
869 2127 976 2182 sibonis

194 2203 293 2258 artibus
304 2201 418 2268 fiderent,
432 2202 529 2257 licitum
541 2205 813 2276 peteremagistratus3
832 2222 861 2258 ac
872 2222 904 2258 ne
916 2208 977 2258 aetas

194 2279 297 2352 quidem
309 2279 518 2352 distinguebatur,
532 2281 593 2352 quin
609 2283 690 2353 prima
699 2282 804 2353 juventa
819 2281 977 2336 consulatum

193 2363 222 2414 et
234 2357 373 2412 dictaturas
385 2358 485 2413 inirent.
522 2358 573 2412 Sed
581 2363 719 2430 quaestores
725 2359 827 2431 regibus
837 2360 912 2414 etiam
921 2363 975 2413 tum
985 2375 1001 2423 5

191 2435 377 2506 imperantibus
389 2435 501 2490 instituti
513 2437 572 2492 sunt
585 2455 592 2501 ;
610 2435 677 2506 quod
689 2436 731 2491 lex
748 2437 845 2491 curiata
858 2437 977 2503 ostendit,

132 2547 134 2570 t
194 2513 227 2568 ab
239 2512 271 2566 L.
283 2512 366 2567 Bruto
383 2513 497 2585 repetita.
541 2513 688 2584 Mansitquc
705 2513 848 2569 consulibus
865 2517 999 2585 potestas6

193 2588 328 2660 deligendi,
349 2589 428 2645 donec
447 2609 504 2646 cunr
526 2608 625 2662 quoque
645 2591 766 2646 honorem
784 2591 891 2662 populus
909 2609 978 2645 marr·

193 2667 275 2721 daret.
311 2667 446 2738 Greatique
457 2667 566 2738 primum
578 2667 696 2724 Valerius
708 2669 810 2724 Potitus
822 2673 848 2724 et
860 2667 1002 2733 AEmilius7

192 2745 348 2810 Mamercus,
372 2745 527 2816 sexagesimo
552 2746 630 2802 tertio
653 2765 718 2802 anno
742 2751 800 2818 post
829 2745 977 2815 Tarquinios

193 2824 306 2886 exactos,
318 2825 413 2876 utrem
425 2821 558 2876 militarem
570 2824 757 2879 comitarentur.
793 2823 860 2879 Dein
874 2823 977 2894 gliscen-
987 2837 1001 2882 8

192 2898 264 2953 trbus
282 2898 392 2969 negotiis
413 2898 462 2954 duo
482 2899 567 2966 additi,
588 2901 631 2972 qui
647 2901 736 2956 Roma
754 2903 878 2956 curarent.
914 2898 978 2952 Mor

194 2977 338 3049 duplicatus
350 2995 476 3045 numerus,
490 2979 652 3050 stipendiaria
660 2981 712 3052 jam
727 2981 802 3035 Italia
817 2983 844 3035 et
862 2975 977 3033 acceden-

222 3073 281 3112 rac„
290 3073 346 3105 τοι.
358 3077 376 3106 r.
580 3075 599 3116 q
