2550 3500
317 356 366 405 282
652 353 772 402 raclrl

954 417 989 467 [a
997 416 1054 455 uc.
1064 416 1111 457 eos.

317 470 345 523 et
368 469 480 522 fautores
503 466 656 521 histrionum
674 466 744 522 velut
764 467 792 521 in
811 467 897 538 prebe
916 466 1041 522 convertit
1064 466 1113 520 im-

317 545 434 615 punitate
446 548 472 599 et
488 544 606 613 premiis,
625 548 703 615 atque
718 544 773 614 ipse
788 544 904 599 ooeultus
920 547 947 598 et
961 543 1113 615 plerumque

317 640 402 676 coram
414 623 596 692 prospectans3
615 620 696 675 donee
708 620 817 675 discordi
829 620 930 691 populo,
943 624 970 675 et
986 619 1113 690 gravinum

317 702 403 753 motus
416 702 521 762 terrore,
534 714 586 751 non
598 696 667 751 aliud
678 697 818 752 remedium
829 700 959 768 repertum
970 700 1017 762 est,
1034 715 1114 767 quam

317 779 348 831 ut
359 775 495 831 hatnones
508 774 585 829 Italia
596 775 752 845 pellerentur
762 774 884 846 milesque
895 774 996 829 theatro
1006 792 1115 828 nusum

317 852 448 907 assideret.

270 935 308 990 26
351 929 479 985 Paridem
491 932 592 1001 tempus
605 933 690 985 aetum
703 931 731 985 in
742 932 834 984 senatu
846 928 878 983 de
890 927 1020 983 fraudibus
1034 927 1114 983 liber·

316 1010 408 1073 lorum,
422 1006 635 1079 efflagitatumque
650 1011 682 1062 ut
697 1006 818 1062 adversus
835 1006 900 1061 male
916 1006 1021 1060 meritos
1038 1024 1113 1060 rero
1142 1031 1144 1086 Ι

317 1083 402 1139 oandae
413 1084 538 1139 libertatis
548 1084 591 1155 jus
604 1084 717 1155 petronis
729 1084 840 1139 duetus.
876 1084 933 1137 Nec
949 1081 1054 1137 deerant
1067 1083 1112 1153 qui
1142 1095 1144 1102 ·

293 1165 458 1217 accusarent.
495 1160 546 1216 Sed
563 1162 688 1229 consules,
704 1160 852 1216 relationem
863 1160 974 1231 incipere
990 1177 1042 1213 non
1055 1159 1113 1213 ausi

316 1238 405 1311 ignaro
417 1238 539 1311 principe,
552 1239 721 1310 perscripsere
732 1242 820 1293 tamn
835 1256 985 1293 consensum
997 1241 1110 1301 senatus,

316 1315 359 1371 ille
371 1335 404 1371 an
415 1320 502 1371 auctor
513 1316 703 1371 constitutionis
711 1316 784 1369 lieret
795 1318 825 1369 ut
837 1315 904 1369 inter
915 1331 1009 1385 paucos
1017 1313 1044 1367 ei
1054 1332 1111 1367 sen-

316 1393 405 1449 tentia
422 1392 556 1448 adversos:
576 1392 726 1463 quibusdam
743 1392 860 1447 coalitam
877 1390 995 1446 libertate
1016 1390 1111 1445 irrere-

316 1470 425 1525 rentiam
436 1488 466 1525 eo
482 1470 628 1541 prorupisse
639 1469 814 1536 frementibus,
825 1468 905 1538 †vine
917 1486 950 1522 an
964 1486 1038 1537 aequo
1053 1486 1110 1522 cum

316 1548 430 1619 patronis
446 1548 503 1619 jure
521 1551 633 1619 agerent,
653 1546 805 1602 sententiam
822 1563 910 1600 eorum
928 1544 1109 1610 consultarent,
1140 1529 1144 1602 l

318 1645 347 1681 ee
362 1626 508 1682 verberibus
524 1644 614 1681 manus
630 1625 699 1679 ultro
714 1624 885 1689 intenderent·
894 1623 1039 1694 †impulere
1057 1626 1110 1693 (im-

293 1705 415 1775 apaael)
440 1704 481 1760 vel
503 1722 602 1776 poenam
626 1722 698 1760 suam
721 1703 904 1759 descedentes.
949 1702 1021 1762 Quid
1044 1702 1111 1758 enim

318 1782 386 1836 aliud
397 1783 458 1838 laeso
469 1786 576 1852 patrono
589 1800 744 1847 concessum,
757 1801 834 1853 quam
842 1786 873 1836 ut
884 1781 1031 1836 vicesimum
1042 1783 1111 1835 ultre

317 1859 426 1930 lapidem
442 1859 470 1914 in
493 1875 563 1914 oram
581 1859 724 1929 (lampenis
741 1859 860 1914 libertum
877 1858 995 1930 releget?
1013 1862 1110 1912 ceteras

293 1937 429 1992 sactiones
440 1936 577 2008 promiscas
591 1939 618 1990 et
634 1954 708 2007 pares
724 1955 787 1992 esse.
823 1935 996 1991 Tribuendum
1008 1935 1112 2006 aliquod
1142 1990 1144 2015 ι

317 2014 398 2070 telum
422 2012 489 2086 quod
512 2013 598 2084 sperni
617 2017 735 2084 nequeat.
771 2014 829 2068 Nec
849 2031 926 2085 grave
948 2013 1111 2067 manumissis

317 2091 441 2163 peridem
453 2090 602 2161 obsequium
610 2090 738 2145 retinendi
748 2090 900 2156 libertatem,
910 2109 956 2161 per
964 2089 1034 2160 quod
1046 2108 1113 2144 asse-

295 2169 442 2224 tcutisint.
478 2169 515 2223 At
524 2167 656 2222 criminum
665 2168 812 2222 manifestos
821 2168 912 2223 merito
921 2166 1113 2222 adseruitutem
1142 2182 1144 2243 y

318 2247 421 2313 retrahi,
434 2249 465 2301 ut
479 2249 550 2300 metu
566 2249 730 2300 coerceantur
745 2263 809 2316 quos
824 2245 946 2300 benefida
961 2262 1014 2298 non
1029 2247 1113 2297 muta·

273 2325 421 2392 27visseut.
458 2321 638 2378 Disserebatur
655 2326 744 2376 contre
765 2339 903 2392 paucorum
926 2320 1026 2391 culpam
1050 2320 1112 2390 ipsis

319 2401 451 2456 exitiosam
463 2418 519 2455 esse
535 2399 634 2465 debere,
651 2399 715 2453 nihil
729 2399 905 2453 universorum
920 2398 972 2469 juri
987 2396 1113 2468 derogan-

295 2477 387 2537 2dum.
424 2477 527 2548 Quippe
538 2475 589 2530 late
601 2476 687 2530 fusum
703 2475 730 2530 id
741 2493 840 2546 eorpus.
876 2475 947 2530 Hinc
962 2473 1113 2546 plerumque

318 2555 408 2620 tribus,
428 2554 550 2618 decurias,
566 2553 708 2608 ministeria
724 2553 914 2624 magistratibus
931 2555 958 2606 et
975 2551 1112 2606 sacerdoti-

318 2631 374 2696 bus,
400 2632 516 2686 cohortes
540 2631 617 2684 etiam
633 2629 661 2684 in
678 2629 741 2684 urbe
758 2630 916 2701 conscriptas
925 2651 932 2695 ;
951 2632 978 2684 et
994 2628 1111 2698 plurimis

319 2709 440 2779 equitum,
464 2707 591 2778 plerisque
612 2706 771 2760 senatoribus
791 2725 843 2761 non
864 2704 963 2760 aliunde
986 2705 1112 2775 originem

295 2785 393 2840 dtrahi.
431 2784 458 2838 Si
481 2785 659 2854 separarentur
681 2782 800 2849 libertini,
819 2783 978 2838 manifestam
995 2781 1051 2835 iore
1069 2800 1111 2850 pe-
1142 2840 1143 2859 χ

318 2862 417 2918 auriam
428 2861 603 2930 ingenuorum.
640 2858 702 2912 Non
715 2858 812 2914 frustra
826 2860 940 2930 majores,
957 2875 1014 2911 cum
1027 2857 1111 2928 digni·

318 2941 398 2993 tatem
418 2935 533 2992 ordinum
551 2934 700 3000 dividerent,
717 2935 861 2992 libertatem
877 2935 905 2990 in
922 2934 1049 2990 murmurii
1066 2952 1110 3004 po
