2550 3500
298 366 345 413 328
566 409 568 412 ,
633 359 754 407 ΤΑΟΙΤΙ

927 422 963 471 [Α.
973 421 1000 461 u.
1010 422 1032 462 o.
1043 422 1088 462 ma.

275 473 434 531 tlicentiam.
468 471 521 528 His
541 473 618 543 atque
642 471 735 527 talibus
759 470 880 539 recitatis,
901 474 928 525 et
951 472 1090 526 offensione

299 550 441 614 manifesta,
461 567 513 603 non
528 548 586 603 ideo
601 552 647 603 aut
663 548 779 603 consides
796 551 927 603 mutavere
941 548 1091 603 relationem

299 631 344 682 aut
368 627 479 681 Thrasea
502 624 612 679 decessit
634 625 770 693 sententia
793 624 902 681 ceterive
922 643 979 695 qua
998 624 1091 695 proba-

298 707 388 759 verant
401 702 554 768 desemere;
570 720 639 773 pars,
650 720 683 757 ne
694 702 835 775 principem
851 701 973 773 objecisse
988 702 1091 757 invidiae

298 781 453 845 viderentur,
473 779 560 850 plures
582 798 688 835 numero
708 780 768 845 tuti,
788 779 899 834 Thrasea
922 782 996 833 sueta
1014 780 1092 834 firmi·
1140 788 1141 865 l

299 859 388 913 tudine
400 855 477 912 animi
489 861 516 911 et
527 875 560 911 ue
571 857 653 929 gloria
663 856 834 912 intercideret.

253 934 295 995 50
334 934 414 990 Haud
427 934 522 1005 dispari
539 934 644 989 crimina
657 933 788 989 Fabricius
803 932 914 987 Veiento
929 932 1093 987 conflictatus

298 1016 347 1077 cst,
358 1010 427 1082 quod
437 1010 518 1066 multa
528 1015 557 1067 et
567 1011 689 1083 probrosa
697 1010 725 1065 in
736 1014 821 1083 patres
831 1013 858 1064 et
869 1009 1012 1065 sacerdotes
1025 1028 1093 1065 com·

299 1089 426 1160 posuisset
437 1088 469 1143 iis
488 1086 566 1153 libris,
579 1087 671 1159 quibus
683 1105 775 1142 nomen
789 1088 960 1143 Codicillomm
977 1086 1092 1141 dederat.

277 1164 442 1235 2Adjiciebat
459 1165 546 1221 Talius
564 1165 686 1221 Geminus
708 1167 840 1219 accusator
858 1162 989 1217 venditata
1007 1162 1040 1218 ab
1061 1182 1092 1218 eo
1140 1162 1141 1165 ’

298 1260 404 1297 munera
414 1242 535 1314 principis
547 1247 574 1297 et
586 1240 802 1313 adipiscendorum
811 1240 935 1295 honorum
940 1240 991 1311 jus.
1026 1240 1091 1299 Qua

299 1337 376 1375 causa
399 1320 497 1375 Neroni
519 1320 570 1375 fuit
596 1318 752 1391 suscipiendi
771 1316 869 1389 judicii,
897 1317 1091 1389 convictumque

299 1396 469 1453 Veientonem
485 1397 563 1452 Italia
580 1396 685 1468 depulit,
704 1400 731 1451 et
748 1394 827 1451 libros
844 1394 917 1449 exuri
932 1394 1019 1465 jussit,
1032 1412 1091 1450 con-

300 1474 407 1543 quisitos
419 1474 606 1546 lectitatosque,
619 1474 699 1529 donec
717 1491 775 1529 cum
790 1471 903 1543 periculo
920 1470 1089 1542 parabantur:
1140 1488 1141 1503 ¹

300 1569 361 1605 mox
371 1550 474 1607 licentia
484 1551 594 1607 habendi
605 1551 757 1606 oblivionem
768 1548 864 1603 attulit.

256 1636 292 1690 51
337 1628 388 1683 Sed
405 1628 612 1700 gravescentibus
636 1630 665 1683 in
686 1628 740 1683 dies
758 1626 867 1697 publicis
887 1625 959 1681 malis
978 1624 1091 1681 subsidia

300 1705 487 1773 minuebantm
500 1706 675 1778 concessitque
693 1705 747 1761 vita
762 1704 869 1772 Burrus,
886 1704 1013 1760 incertum
1026 1703 1090 1760 vale

279 1783 391 1838 tludine
403 1801 436 1838 an
446 1801 551 1840 veneno.
585 1782 714 1839 Valetudo
726 1801 758 1838 ex
769 1800 800 1838 eo
811 1779 1009 1853 conjectabatur,
1023 1780 1090 1852 quod

301 1860 329 1914 iu
341 1879 368 1914 se
379 1860 579 1916 tumescentibus
587 1861 710 1932 paulatim
717 1859 832 1915 faucibus
840 1864 866 1914 et
874 1858 996 1930 impedito
1004 1862 1091 1913 meatu

280 1937 420 2008 aspiritum
438 1936 549 1994 liniebat.
585 1937 676 1992 Plures
692 1937 768 2008 jussu
785 1935 904 2004 Neronis,
922 1935 996 2007 quasi
1012 1953 1091 1990 reme

302 2014 371 2069 dium
381 2011 1091 2086 adhiberetur,illitumpalatumejusnoxiomedicamine
1140 1985 1141 2040 l

302 2091 487 2158 asseverabant,
512 2096 540 2147 et
562 2091 676 2147 Burrum
698 2089 828 2146 intellecto
851 2089 953 2154 scelere,
977 2106 1037 2144 cum
1060 2088 1092 2144 ad

301 2168 434 2226 visendum
452 2187 511 2224 eum
528 2170 645 2240 princeps
661 2168 780 2232 venisset,
797 2170 928 2237 aspectum
945 2165 1001 2236 ejus
1023 2184 1091 2221 aver·
1140 2205 1141 2208 ,

302 2253 386 2301 satum
402 2246 542 2302 sciscitanti
557 2238 681 2301 bactdnus
698 2243 866 2315 respondisse,
881 2249 952 2314 “ego
968 2261 1010 2298 me
1027 2243 1091 2298 bene

280 2323 407 2379 thabeo.''
444 2323 550 2380 Civitati
569 2322 665 2395 grande
685 2321 837 2377 desiderium
857 2321 913 2392 ejus
934 2321 1028 2374 mansit
1047 2339 1092 2392 per

301 2401 446 2456 memoriam
457 2400 561 2456 virtutis
579 2404 606 2456 et
622 2416 797 2455 successorum
815 2398 918 2452 alterius
935 2415 1041 2468 segnem
1056 2397 1092 2452 in-

301 2477 451 2542 nocentiam,
473 2477 578 2532 alterius
598 2475 795 2548 flagrantissima
813 2475 911 2546 flagitia
934 2473 1091 2545 [adulteria]

280 2553 405 2624 tQuippe
427 2553 512 2608 Caesar
529 2554 594 2608 duos
610 2552 736 2624 praetoriis
754 2551 900 2607 cohortibm
917 2551 1075 2621 imposuerat
1084 2570 1092 2615 ;

302 2630 415 2685 Panium
427 2630 526 2684 Rufum
538 2649 571 2685 ex
581 2629 653 2702 vulgi
664 2632 758 2694 favore,
767 2630 826 2701 qnia
834 2647 889 2683 rem
900 2627 1093 2682 frumentariam
1140 2613 1141 2680 l

303 2708 358 2762 sine
377 2710 478 2777 questu
495 2706 630 2772 tractabat,
650 2706 782 2762 Sofonium
802 2705 961 2776 Tigellinum,
978 2708 1093 2758 veterem

281 2783 485 2854 timpadicitiam
497 2787 574 2854 atque
585 2783 714 2838 infamiam
726 2783 754 2838 in
765 2800 795 2838 eo
807 2787 919 2837 secutus.
955 2781 1044 2850 Atque
1056 2780 1093 2835 illi

303 2879 349 2930 pro
361 2860 471 2932 cognitis
482 2860 594 2914 moribus
605 2860 685 2925 tuere,
698 2859 804 2916 validior
815 2858 955 2930 Tigellinus
967 2857 992 2912 in
1007 2857 1093 2912 animo
1140 2879 1141 2882 ¹

303 2937 422 3008 principis
445 2941 473 2992 et
495 2937 593 2992 intimis
615 2935 761 2992 libidinibns
791 2940 944 3007 assumptus,
969 2951 1092 3005 prospera
1140 2891 1141 2970 l
