2550 3500
300 368 347 415 226
631 366 754 413 raom

874 428 908 475 [A.
918 428 946 467 U,
955 428 979 467 0.
988 429 1036 475 800,
1047 430 1093 469 sol.

277 474 368 531 atibus
386 476 570 546 provinciarum
590 476 765 548 vectigalibus.
800 476 865 531 Post
874 428 938 548 [lege
956 458 1037 549 Syllae'
1054 481 1096 533 vi-

299 554 365 627 ginti
385 554 463 610 creati
481 555 619 626 supplendo
640 556 747 621 senatui,
767 574 811 611 cur
802 555 949 626 jndiciat
937 557 1093 613 tradiderat.

263 632 335 689 10Et
347 649 488 703 quanquam
500 632 598 702 equites
607 632 705 703 judicia
715 634 939 703 recuperavissent,
956 640 1095 704 questura

300 712 385 763 tamen
396 726 428 763 ex
440 708 563 780 dignitate
576 709 767 765 candidatorum
778 714 823 765 ant
834 710 957 765 facilitate
973 711 1095 767 tribuen-

299 784 365 839 tium
377 785 489 856 gratuito
505 785 698 853 concedebatur,
713 786 794 843 donec
810 787 937 842 sententia
950 788 1095 844 Dolabella

300 862 370 918 velut
381 862 575 919 venundaretur.

257 950 294 1004 23
335 941 367 993 A.
378 938 488 1005 Vitellio,
498 939 530 994 L
540 940 666 1012 Vipstano
678 940 831 1008 oonsulibus,
843 940 942 997 cumde
948 942 1095 1013 supplendo

232 1019 392 1071 1111111111
415 1016 561 1087 agitaretur
586 1018 759 1088 primoresque
783 982 871 1074 Gallia
895 1038 950 1090 qna
981 1019 1096 1075 Comata

242 1074 292 1163 {⁰}
303 1092 410 1163 appellat
411 1112 449 1158 nr,
461 1092 556 1149 loedera
567 1097 593 1149 et
606 1094 734 1149 civitatem
751 1095 892 1149 Romanam
906 1095 1005 1167 pridem
1025 1116 1095 1152 asse·

256 1169 363 1235 18-1111,
377 1169 420 1241 jus
438 1170 678 1259 adipiscendorum
670 1191 698 1226 1n
712 1171 775 1226 urbe
790 1172 914 1227 honorum
932 1176 1093 1243 expeterent,

281 1246 397 1301 21111111
410 1248 804 1319 easupcrrevariusquemmor.
839 1249 875 1303 Et
883 1248 974 1304 studiis
983 1249 1094 1305 diversis

302 1323 369 1395 apud
391 1324 529 1396 principem
552 1324 705 1390 certabatur,
731 1326 929 1380 asseverantium
951 1344 1005 1381 non
1030 1327 1094 1381 adeo

302 1419 395 1471 aegram
413 1401 514 1457 Italiam
533 1405 564 1456 11
583 1405 699 1456 senatum
721 1401 883 1473 suppeditare
903 1402 962 1457 urbi
981 1421 1037 1458 suae
1052 1422 1095 1458 ne

280 1479 393 1549 aquirat.
430 1478 563 1535 Suffecisse
573 1478 771 1551 olimindigenas
780 1480 974 1550 consanguineis
981 1481 1093 1552 populis,

303 1574 349 1611 nec
360 1555 479 1627 penitere
490 1556 583 1611 veteris
595 1556 633 1611 rei
644 1556 758 1627 publicae.
779 1556 851 1615 Quin
862 1556 945 1611 adhuc
956 1557 1095 1613 memorari

303 1638 493 1709 exemplaque
509 1638 599 1709 priscis
616 1637 730 1693 moribus
748 1638 781 1693 ad
797 1639 921 1694 virtutem
940 1642 968 1693 et
986 1638 1094 1710 gloriam

283 1716 418 1772 ARomana
438 1715 533 1771 indoles
545 1714 692 1788 prodiderit.
728 1717 771 1770 An
792 1734 889 1788 pamm,
910 1714 980 1788 quod
998 1715 1095 1772 Veneti

304 1798 331 1848 et
342 1793 463 1848 insubres
479 1794 574 1848 curiam
590 1793 736 1864 irruperint,
757 1794 808 1848 nisi
823 1798 906 1849 cretus
925 1793 1003 1848 alieni
1020 1814 1095 1866 gena·

283 1875 369 1936 trum,
382 1869 452 1924 velut
464 1870 604 1940 captivitas,
624 1870 769 1926 1111111111
788 1871 873 1930 Quem
887 1870 958 1924 ultra
971 1870 1095 1926 honorem

305 1946 411 2002 residuis
431 1945 560 2012 nobilium,
578 1949 622 2001 aut
639 1947 729 2018 siquis
746 1965 842 2018 pauper
858 1966 873 2002 e
888 1947 966 2002 Latio
983 1952 1095 2014 senator,

283 2024 380 2078 611111
398 2023 552 2094 Oppleturos
563 2022 648 2078 omnia
664 2023 756 2079 divites
771 2024 836 2089 illos,
856 2042 963 2095 quorum
979 2025 1023 2080 avi
1038 2043 1096 2096 pro-

306 2101 404 2172 avique,
423 2101 553 2156 hostilium
575 2101 708 2156 nationum
733 2100 817 2167 duces,
842 2101 969 2155 exercitus
992 2107 1096 2157 nostros

306 2179 373 2234 ferro
385 2178 460 2250 vique
472 2178 615 2244 ceciderint,
629 2178 715 2233 divum
728 2177 745 2231 J
746 2177 825 2232 ulium
837 2177 905 2249 apud
922 2177 1037 2233 Alesiam
1053 2179 1096 2234 oli

286 2253 426 2312 7111111111.
462 2255 586 2311 Recentia
596 2256 668 2311 hoec:
687 2253 783 2326 quidsi
797 2254 918 2310 memoria
933 2272 1024 2309 eorum
1042 2274 1095 2310 ore-

307 2337 385 2398 retur,
408 2334 452 2404 qui
471 2332 596 2404 Capitolio
617 2336 644 2387 et
663 2351 707 2386 ara
724 2333 831 2399 (arad)
851 2332 967 2386 Romana
978 2332 1094 2387 manibus

307 2409 443 2465 eorundem
461 2428 507 2481 per
527 2428 555 2466 sa
575 2409 637 2464 satis
653 2409 722 2446 ”⁴⁸
733 2408 878 2462 fruerentur
895 2426 956 2462 sane
972 2409 1095 2464 vocabulo

308 2486 433 2542 civitatis:
462 2487 572 2558 insignia
593 2490 703 2558 patrum,
727 2484 818 2540 decora
844 2485 1042 2556 magistratuum
1063 2505 1095 2540 na

264 2559 302 2615 24
309 2563 449 2634 vulgarent.
484 2564 535 2618 His
547 2567 624 2634 atque
635 2563 729 2618 talibus
741 2562 811 2617 haud
821 2565 951 2634 permotus
970 2563 1094 2635 prinoeps,

309 2644 336 2696 et
347 2641 435 2695 statim
446 2644 535 2696 contra
545 2641 672 2709 1111111111,
684 2642 711 2694 11
722 2643 812 2694 vocato
827 2643 918 2694 senatu
936 2640 974 2694 ita
991 2659 1095 2695 exorsus

309 2725 364 2774 est:
397 2717 532 2788 “Maiores
559 2718 609 2772 mei
633 2717 751 2787 (quorum
774 2716 964 2788 antiquissimus
989 2717 1095 2772 Olausus

310 2795 407 2867 origine
427 2793 519 2848 Sabina
537 2793 612 2848 simul
630 2793 659 2847 in
678 2792 807 2847 civitatem
821 2794 962 2849 Romanam
979 2798 1006 2848 et
1020 2794 1048 2848 in
1062 2795 1095 2848 ia

311 2872 393 2926 milies
410 2871 573 2943 patriciorum
591 2869 687 2924 ascitus
705 2872 764 2939 est)
782 2871 917 2925 hortantur
935 2871 976 2924 uti
994 2871 1095 2942 paribus

312 2949 422 3004 consiliis
434 2947 624 3020 rempublicam
635 2964 771 3017 capessam,
785 2946 959 3002 transferendo
971 2946 1022 3002 lma
1030 2947 1095 3018 quod

291 3034 419 3095 ausonam
438 3028 567 3098 egregium
588 3025 674 3081 suerit.
710 3026 801 3094 Neque
820 3025 887 3080 enim
904 3025 996 3114 ignoro
1014 3025 1095 3082 Julius
