2550 3500
137 248 142 325 l

196 439 251 481 AD
267 438 310 489 ⁵⁵]
387 374 582 426 ANNALIUM
600 372 679 422 XIII.
697 376 798 422 15-18.
938 374 986 425 277

197 489 290 559 quippe
307 486 356 543 sibi
373 502 516 556 supremum
535 486 656 541 auxilium
674 489 797 557 creptum,
814 486 843 540 et
859 484 986 557 parricidii

197 565 346 636 exemplum,
359 561 525 634 intelligebat.
562 563 785 635 Octaviamque,
796 562 909 633 quemvis
918 562 1009 620 rudi-7

196 642 245 698 bus
254 641 334 707 annis,
344 640 463 707 dolorem,
473 640 612 706 ceritatem,
623 658 710 696 omnes
719 641 824 695 affectus
834 638 985 695 abscondere

197 718 326 774 didicerat.
362 717 406 771 Its
427 719 486 787 post
511 716 587 773 breve
605 718 734 773 silentium
751 717 862 788 repetitu
878 715 1031 775 oenriviil7

196 797 293 853 latitia.
329 794 391 851 Nox
408 794 495 851 eadem
512 812 599 851 neoem
617 796 760 852 Britannici
776 800 803 850 et
820 814 911 867 rogum
928 812 986 849 oon·

195 874 289 945 junxit,
307 873 408 943 proviso
428 875 487 927 anto
504 871 605 928 funebri
622 877 720 944 paratu,
738 873 782 945 qui
796 872 909 927 modicus
927 872 984 925 fuit.

198 951 232 1007 In
252 968 342 1021 campo
365 954 451 1005 temen
473 948 567 1003 Martis
591 950 707 1020 sepultus
727 957 775 1015 est,
797 949 859 1004 odeo
877 948 1009 1003 turbidis2

197 1026 328 1093 imbribus,
352 1030 383 1081 ut
405 1026 497 1097 vulgus
521 1026 584 1081 iram
608 1026 683 1081 dedm
709 1026 828 1098 portendi
850 1024 985 1081 crediderit

198 1104 318 1159 adversus
330 1104 435 1169 fecimus,
448 1103 491 1159 cui
507 1102 620 1175 plerique
636 1105 713 1160 etiam
729 1104 859 1159 hominnm
872 1103 986 1175 ignosce-

198 1181 267 1246 bant,
281 1180 397 1251 antiques
409 1180 517 1235 fratrum
529 1179 667 1237 discordias
679 1185 706 1235 et
722 1180 868 1236 insociabile
879 1198 986 1252 regnum

198 1258 360 1313 estimantes.
395 1256 509 1311 Tradunt
526 1257 638 1329 plerique
650 1276 737 1313 eorum
755 1262 896 1328 temporum
908 1257 1010 1327 script

198 1340 275 1400 tores,
288 1334 382 1389 crebris
395 1338 453 1389 ante
465 1334 571 1389 exitium
588 1334 677 1390 diebus
695 1335 799 1390 illusum
808 1334 860 1389 isse
870 1334 986 1405 pueritie

198 1410 340 1467 Britannici
363 1411 492 1465 Neronem
499 1432 507 1476 ;
525 1415 556 1465 ut
576 1411 630 1482 jam
653 1430 705 1467 non
727 1415 880 1483 praemature
904 1429 986 1482 neque

198 1508 266 1544 saeva
280 1506 348 1544 mors
360 1486 440 1543 rideri
452 1490 536 1558 queat,
553 1489 667 1558 quemvis
679 1489 747 1543 inter
758 1506 830 1543 sacre
841 1506 942 1552 mense,
954 1506 987 1542 ne

198 1570 312 1637 tempore
324 1563 425 1635 quidem
437 1564 469 1619 ed
481 1564 638 1635 complexum
651 1583 765 1621 sororum
776 1564 843 1632 delo,
855 1569 914 1621 ante
929 1582 989 1619 oeu-

198 1642 236 1698 los
253 1641 349 1697 inimici
364 1644 499 1712 properata
515 1641 549 1695 sit
569 1642 597 1697 in
615 1642 686 1697 illum
707 1660 853 1713 supremum
873 1641 988 1697 Claudio

198 1738 256 1776 rum
273 1718 429 1790 sanguinem,
452 1721 540 1790 stupro
557 1718 627 1790 prius
646 1738 722 1792 quam
738 1737 835 1776 veneno
855 1718 987 1792 pollutum.

199 1796 398 1852 destinationem
427 1796 589 1868 exequiarum
614 1797 697 1852 edicto
721 1797 807 1854 Cesar
829 1796 949 1862 defendit,
972 1810 1012 1857 114

199 1873 336 1944 majoribus
354 1873 502 1928 institutum
518 1874 629 1928 referens
644 1874 793 1930 subtrahere
808 1875 888 1930 oeulis
899 1873 990 1930 eoerbe

199 1951 297 2015 funere,
315 1968 397 2019 neque
411 1949 598 2006 laudationibus
616 1955 661 2006 eut
677 1971 769 2023 pompa
783 1951 905 2008 detinere.
941 1951 1011 2011 Cet

199 2034 285 2084 terum
300 2032 327 2084 et
341 2029 390 2086 sibi
406 2029 498 2086 emisso
516 2029 602 2086 fratris
618 2031 712 2087 auxilio
727 2033 838 2102 reliques
851 2050 909 2102 spes
921 2030 948 2084 in
961 2049 990 2084 re

200 2105 301 2178 publica
311 2107 382 2172 sitas,
396 2111 422 2161 et
434 2109 507 2162 tanto
519 2107 599 2178 magis
611 2108 747 2164 fovendum
758 2108 875 2178 patribus
886 2107 990 2178 populo·

199 2201 250 2254 que
262 2183 406 2256 prinoipem,
420 2183 464 2254 qui
477 2201 544 2237 unus
562 2189 706 2255 superesset
718 2204 733 2240 e
751 2185 847 2240 familia
863 2203 990 2239 summum

200 2259 233 2316 ed
244 2259 374 2332 festigium
385 2260 480 2332 genita.
516 2261 585 2317 Exin
595 2261 730 2333 largitione
740 2261 886 2332 potissimos
900 2262 1034 2320 amisere

200 2355 257 2393 rum
281 2337 359 2392 auxit.
395 2337 453 2396 Neo
476 2337 586 2402 defuere,
611 2338 656 2409 qui
679 2342 815 2408 arguerent
841 2338 909 2394 viros
933 2358 990 2411 gra·

200 2413 306 2470 vitatem
324 2417 504 2479 asseverantes,
523 2413 591 2485 quod
608 2413 705 2480 domos,
723 2415 803 2481 villas,
822 2415 849 2471 id
868 2417 989 2487 temporis

201 2491 273 2561 quasi
285 2489 394 2560 predam
406 2489 558 2548 divisissent.
594 2492 647 2548 Alii
664 2493 840 2548 necessitatem
852 2493 1012 2553 sdmbiuma

197 2566 337 2624 credebant
347 2585 365 2620 e
375 2565 494 2639 principe,
508 2569 609 2624 sceleris
621 2568 671 2626 sibi
682 2570 782 2625 conscio
793 2574 820 2625 et
831 2571 929 2627 veniam
936 2590 991 2642 spe
1011 2554 1017 2580 ‘

200 2647 282 2710 rente,
295 2643 317 2700 si
332 2643 508 2712 largitionibus
525 2645 708 2703 validissimum
725 2666 849 2718 quemque
866 2648 991 2706 obstrinx-

201 2720 272 2777 isset.
319 2721 356 2776 nt
379 2721 467 2776 metris
490 2722 528 2778 ire
550 2723 620 2780 nulle
643 2724 815 2780 munificentia
836 2725 916 2790 leniri,
946 2725 1012 2784 sedt

200 2796 321 2868 amplecti
338 2797 477 2862 Octaviam,
496 2799 584 2855 crebre
601 2819 660 2856 eum
676 2800 762 2857 emiois
779 2806 877 2858 secreta
890 2801 990 2867 habere,

202 2891 278 2944 super
301 2873 440 2946 ingenitam
458 2876 588 2932 avaritiam
605 2877 718 2950 undique
735 2879 855 2950 pecuniis
872 2878 946 2950 quasi
964 2877 993 2933 in

202 2949 345 3009 subsidium
363 2951 508 3023 corripiens,
526 2954 644 3015 tribunos
662 2962 689 3016 et
710 2956 871 3014 centuriones
888 2955 994 3015 comiter
