2550 3500
301 383 349 435 2⁷8
634 382 754 429 rsclrl

301 492 434 565 excipere;
451 495 553 548 nomina
570 496 597 547 et
611 494 721 547 virtutes
736 492 865 559 nobilium,
884 444 1092 565 quibliimc'tiidi

302 576 456 643 supererant,
477 571 618 625 inhonore
639 571 738 636 habere,
761 571 833 642 quasi
853 577 976 642 quareret
997 572 1093 626 ducem

278 654 327 704 aet
339 653 431 719 partes.
468 648 604 719 Cognitum
615 647 642 701 id
651 648 763 714 Neroui;
783 649 950 719 excubiasque
959 648 1093 716 militareS,

302 744 364 797 quae,
377 729 407 780 ut
420 725 521 795 conjugi
538 724 696 795 imperatoris
714 725 781 790 olim,
790 729 845 779 tum
862 730 893 779 ut
909 727 991 790 matri,
1005 744 1094 779 serva-

301 802 401 867 bantur,
417 806 443 856 et
460 802 597 856 Germanos
612 821 689 873 super
706 801 813 856 eundem
831 802 951 856 honorem
969 802 1093 859 custodes

280 880 408 946 redditos,
429 877 532 950 degredi
548 879 628 950 jubet.
665 882 704 933 Ac
721 897 753 932 ne
771 883 839 933 eoetu
857 879 1020 933 salutantium
1040 880 1093 934 fre-

302 960 473 1027 quentaretur,
498 963 597 1027 separat
616 954 724 1019 domum,
749 959 905 1026 matremque
922 956 1045 1010 transfert
1063 957 1094 1011 in

301 1052 356 1087 eam
368 1051 423 1103 quae
435 1033 552 1087 Antonia
561 1032 661 1098 inerat3
680 1033 796 1102 quotiens
806 1033 860 1102 ipse
869 1032 930 1086 illue
942 1032 1090 1098 ventitaret,
1143 1065 1144 1082 r

302 1114 395 1180 saeptus
407 1108 482 1163 turbu
494 1110 669 1163 centurionum
682 1114 708 1162 et
720 1114 778 1179 post
790 1108 866 1163 breve
879 1109 993 1163 osculum
1004 1108 1091 1179 digre-

259 1186 380 1241 l9dieus.
416 1185 490 1241 Nihil
501 1204 584 1240 rerum
596 1185 740 1239 mortalium
758 1189 810 1239 tam
823 1186 939 1240 instabile
951 1204 980 1240 ac
991 1186 1092 1239 fluxum

302 1267 341 1317 est
354 1281 428 1334 quam
440 1264 506 1317 fama
517 1263 637 1333 potentiae
649 1281 700 1316 nou
712 1280 758 1316 sua
773 1263 799 1316 vi
810 1262 877 1316 nixa.
914 1263 1006 1317 Statim
1017 1257 1091 1317 relic

279 1340 602 1411 2tumAgrippinelimeu.
638 1340 721 1393 Nemo
731 1338 813 1403 solari,
826 1356 900 1393 nemo
909 1338 986 1404 adire,
996 1344 1091 1410 preter

301 1436 393 1489 paucas
411 1418 523 1483 seminas,
543 1436 626 1472 amore
644 1436 677 1471 au
694 1416 752 1471 odio
769 1418 902 1471 incertum.
938 1418 979 1471 Ex
997 1418 1090 1488 quibus

302 1501 356 1553 erat
366 1498 443 1551 Jnuia
455 1497 545 1562 Silana,
560 1516 634 1568 quam
643 1496 803 1550 matrimonio
815 1496 844 1550 C.
860 1496 913 1551 Silii
927 1494 1091 1551 aMessalina

302 1574 431 1645 depulsam
443 1593 518 1646 supra
532 1574 627 1641 rettuli,
646 1573 753 1643 insignis
765 1591 864 1644 genere,
877 1573 965 1638 forma,
978 1573 1089 1638 lascivia,

302 1654 328 1707 et
339 1651 485 1723 Agrippina
497 1651 540 1706 diu
552 1669 668 1721 percara;
687 1669 746 1704 mox
758 1650 863 1704 occultis
868 1645 942 1704 'mter
953 1667 996 1705 eas
1009 1651 1091 1705 offen-

303 1728 420 1797 sionibus,
445 1728 503 1799 quia
527 1728 641 1783 Sextium
664 1727 811 1782 Africanum
839 1726 947 1782 nobilem
970 1727 1092 1799 juvenem

302 1806 424 1876 anuptiis
443 1806 532 1860 Silanae
550 1805 707 1860 deterruerat
724 1805 872 1876 Agrippina,
891 1804 1045 1875 impudicam
1064 1809 1092 1860 et

302 1886 448 1953 vergentem
459 1883 530 1936 aunis
542 1881 671 1946 dictitans,
684 1900 736 1935 non
747 1885 777 1935 nt
794 1881 941 1936 Africanum
954 1881 1003 1936 sibi
1018 1900 1092 1952 sepo

302 1963 381 2024 neret,
392 1958 474 2014 sedne
483 1958 572 2030 opibus
581 1962 607 2013 et
617 1959 726 2013 orbitate
734 1958 824 2013 Silana
833 1958 939 2012 maritus
947 1962 1092 2028 poteretur.
1142 2008 1143 2013 ,

280 2035 357 2102 anu,
371 2054 415 2107 spe
426 2036 530 2091 ultionis
542 2035 633 2100 oblata,
647 2042 720 2106 parat
736 2038 893 2090 accusatores
906 2053 938 2089 ex
955 2035 1092 2090 clientibus

302 2114 363 2178 suis,
376 2113 487 2168 Iturium
505 2117 531 2168 et
543 2113 680 2167 Calvisium
689 2135 697 2178 ;
715 2130 768 2166 non
784 2116 871 2166 vetera
886 2115 913 2166 et
929 2112 1022 2182 sapius
1038 2113 1092 2184 jam
1142 2162 1143 2165 ,

302 2189 389 2246 audita
406 2189 527 2255 delerem,
547 2189 615 2260 quod
635 2189 776 2245 Britannici
796 2192 903 2243 mortem
923 2187 1025 2260 lugeret
1047 2193 1093 2243 aut

302 2267 414 2322 Octaviae
426 2267 529 2339 injurias
541 2265 678 2338 evulgaret,
693 2265 738 2320 sed
750 2265 916 2319 destinavisse
927 2283 983 2319 eam
995 2265 1092 2320 Rubel-

302 2343 364 2398 lium
382 2344 508 2410 Plautum,
527 2362 573 2414 per
592 2346 732 2396 maternam
749 2341 873 2412 originem
892 2342 948 2411 pari
968 2359 999 2396 ac
1018 2342 1091 2396 Nero

303 2420 385 2492 gradu
401 2439 417 2475 e
434 2420 491 2476 divo
508 2422 634 2491 Augusto,
654 2418 687 2473 ad
702 2437 744 2473 res
762 2437 840 2473 novas
858 2418 986 2483 extollere,
1006 2419 1091 2490 eonju-

304 2497 395 2567 gioque
407 2497 462 2568 ejus
474 2500 500 2552 et
514 2497 567 2568 jam
584 2495 689 2567 imperio
704 2513 757 2550 rem
775 2494 902 2565 publicam
917 2513 1007 2549 rursus
1022 2496 1091 2549 iuva·

281 2573 370 2628 edere.
415 2573 479 2628 Haec
501 2573 600 2627 Iturius
624 2576 651 2626 et
675 2572 800 2626 Calvisius
823 2572 946 2639 Atimeto,
970 2571 1090 2626 Domitia

304 2648 414 2705 Neronis
437 2649 520 2704 amita
542 2649 642 2713 liberto,
662 2649 787 2719 aperiunt.
823 2648 878 2708 Qui
900 2648 975 2703 lsetus
998 2648 1090 2703 oblatis

306 2727 409 2798 (quippe
420 2727 487 2781 inter
494 2726 660 2798 Agrippinam
672 2730 698 2780 et
706 2727 845 2781 Domitiam
856 2726 955 2781 infensa
963 2726 1090 2782 oemulstio

305 2805 487 2874 exercebatur)
506 2804 625 2859 Paridem
644 2804 801 2870 histrionem,
822 2805 941 2859 libertum
961 2808 988 2859 et
1006 2805 1090 2874 ipsum

304 2882 430 2946 Domitia,
449 2880 549 2952 impulit
567 2881 604 2934 ire
624 2897 730 2950 propere
749 2881 892 2952 crimenque
911 2881 1031 2935 atrociter
1048 2880 1090 2934 de·

259 2957 378 3015 20fcrre.
413 2958 538 3016 Provecta
553 2974 605 3011 nox
623 2959 686 3023 erat,
704 2959 731 3012 et
749 2957 848 3013 Neroni
864 2975 909 3028 per
926 2955 1088 3012 vinolentiam
1141 2988 1142 2993 κ
