2550 3500
278 400 280 405 ,
299 369 346 415 132
656 366 776 415 TAClTl

929 431 964 478 [Α.
973 430 1000 468 11.
1009 430 1032 468 O.
1042 428 1094 470 ttfi.

298 486 348 541 huc
360 486 508 557 arrogantiae
520 490 631 551 venerat,
649 490 681 540 ut
696 486 794 558 legatos
809 485 842 540 ad
860 485 990 541 Tiberium
1000 486 1094 539 mitte
1142 537 1143 546 ,

226 619 229 627 ,
297 569 345 628 ret,
359 563 493 634 sedemque
505 563 573 617 ultro
586 563 634 617 sibi
647 568 723 634 atque
735 562 858 618 exercitui
874 581 920 617 suo
937 562 1092 633 postularet,

274 646 343 696 2aut
354 640 447 695 bellum
459 640 633 710 inexplicabile
646 640 814 694 minitaretur.
850 640 912 694 Non
928 640 989 693 alias
1006 641 1093 710 magis

299 736 345 771 sua
356 718 492 789 populique
510 718 619 771 Romani
636 716 789 771 contumelia
802 716 941 771 indoluisse
959 717 1095 771 Caesarem

298 794 391 860 femnt,
417 813 491 865 quam
516 794 583 864 quod
607 793 721 849 desertor
739 798 766 848 et
783 793 869 864 prado
887 793 1000 847 hostium
1016 812 1093 848 more

276 875 392 943 tegeret.
429 872 471 926 Ne
484 872 604 942 Spartaco
617 870 718 941 quidem
729 875 789 940 post
804 874 845 925 tot
861 870 1031 925 consularium
1046 889 1093 924 ex-

299 949 424 1004 ercituum
453 948 536 1003 clades
560 947 668 1001 inultam
693 947 795 1001 Italiam
822 947 914 1013 urenti,
944 964 1093 1018 quanquam

299 1026 405 1081 Sertorii
417 1029 492 1096 atque
504 1023 663 1079 Mithridatis
679 1024 825 1095 ingentibus
843 1024 915 1079 bellis
932 1023 1030 1079 labaret
1046 1042 1093 1079 res

298 1103 405 1174 puhhca
423 1102 511 1157 datum
527 1106 557 1157 ut
569 1105 644 1173 pacto
659 1101 688 1155 in
702 1100 779 1155 fidem
794 1100 966 1172 acciperetur:
985 1100 1091 1167 nedum,

299 1180 467 1251 pulcherrimo
487 1179 574 1251 populi
595 1178 706 1233 Romani
724 1177 835 1249 fastigio,
857 1178 923 1233 latro
942 1177 1093 1233 Tacfarinas

275 1270 361 1329 space
377 1262 404 1312 et
420 1258 580 1312 concessione
598 1274 717 1327 agrorum
733 1254 908 1310 redimeretur.
943 1255 996 1310 Dat
1011 1273 1094 1326 nego-

299 1336 365 1389 tium
380 1334 471 1399 Blaeso,
493 1338 591 1389 ceteros
610 1332 712 1403 quidem
729 1331 762 1386 ad
779 1350 849 1403 spem
867 1332 1001 1404 proliceret
1018 1350 1093 1386 arma
1142 1321 1144 1392 i

300 1414 355 1468 sine
371 1432 438 1468 noxa
454 1412 570 1484 ponendi,
589 1412 670 1483 ipsius
691 1414 777 1465 antem
797 1410 870 1465 ducis
890 1410 1092 1483 quoquomodo
1142 1398 1144 1468 l

277 1494 438 1562 cpoteretur.
474 1490 510 1545 Et
522 1490 618 1560 recepti
630 1508 661 1543 ea
676 1489 750 1543 venia
765 1487 886 1558 plerique.
922 1488 987 1543 Mox
1002 1486 1093 1542 adrer-

302 1587 358 1623 sum
375 1573 442 1622 artes
463 1567 628 1622 Tacfarinatis
649 1566 719 1621 haud
736 1564 851 1620 dissimili
867 1564 942 1620 modo
959 1564 1093 1636 belligera

256 1645 364 1703 74tum.
401 1647 468 1701 Nam
487 1646 546 1716 quia
562 1645 604 1699 ille
622 1644 713 1699 robore
733 1644 860 1699 exercitus
879 1644 968 1714 impar,
987 1643 1095 1698 furandi

301 1723 396 1789 melior,
421 1723 505 1795 plures
529 1740 574 1794 per
598 1721 687 1793 globos
710 1721 851 1777 incursaret
870 1720 1040 1792 eluderetque,
1062 1725 1094 1776 et

301 1801 405 1855 insidias
423 1800 499 1855 simul
515 1803 635 1864 tentaret,
654 1803 708 1854 tres
726 1799 849 1864 incessus,
865 1798 973 1853 totidem
990 1799 1095 1869 agmina

279 1882 430 1949 2parantur.
465 1877 507 1932 Ex
525 1878 581 1947 quis
602 1876 735 1930 Cornelius
757 1876 841 1947 Scipio
861 1875 961 1947 legatus
978 1875 1093 1946 prafnit,

279 2110 429 2182 spropriam
452 2127 555 2164 manum
578 2107 677 2163 Blaesus
700 2108 767 2162 filius
791 2107 874 2162 duxit,
921 2106 1009 2162 Medio
1033 2123 1096 2161 cum

303 2187 414 2252 delectis,
428 2186 531 2242 castella
543 2189 569 2240 et
587 2185 742 2240 munitiones
760 2184 857 2240 idoneis
873 2184 935 2239 locis
951 2185 1094 2254 imponens,
1141 2222 1142 2227 ,

303 2264 355 2320 dux
366 2265 420 2336 ipse
432 2268 502 2319 arcta
514 2266 540 2318 et
552 2262 651 2317 infensa
662 2261 779 2317 hostibus
791 2266 884 2317 cuncta
894 2261 1004 2327 fecerat3
1024 2261 1094 2330 qnia,
1141 2252 1142 2277 ¹

302 2359 403 2412 quoquo
420 2341 576 2405 inclinarent,
595 2357 654 2411 pars
671 2339 754 2410 aliqua
769 2339 858 2393 militis
875 2338 985 2393 Romani
999 2338 1028 2391 in
1039 2355 1094 2402 ore,

302 2418 329 2472 in
340 2419 426 2483 latere,
439 2422 466 2473 et
478 2436 544 2489 saepe
556 2435 571 2471 a
582 2421 657 2489 tergo
668 2421 738 2483 erat3
757 2416 881 2486 multique
895 2433 926 2470 eo
942 2414 1017 2469 modo
1033 2416 1097 2470 caesi

279 2502 348 2550 sant
364 2496 490 2551 circumve
508 2496 537 2550 ti.
585 2495 657 2549 Tunc
675 2493 832 2564 tripertitum
850 2492 990 2548 examitum
1006 2491 1096 2562 plnres

302 2573 330 2627 in
346 2591 436 2627 manus
454 2572 585 2644 dispergit,
607 2571 781 2642 praeponitque
804 2569 965 2624 centuriones
988 2568 1097 2623 virtutis

280 2653 421 2720 §experta
457 2650 521 2714 Nec,
545 2653 576 2702 ut
599 2667 655 2702 mos
678 2647 770 2711 fuerat,
796 2650 854 2701 acta
876 2649 966 2702 aestate
984 2646 1097 2700 retrahit

302 2727 387 2798 copias
404 2726 490 2784 autin
506 2724 674 2779 hibernaculis
691 2722 785 2779 veteris
800 2723 937 2794 provincia
953 2722 1096 2792 componit,

302 2805 348 2861 sed
359 2808 389 2859 ut
400 2803 428 2858 in
439 2803 525 2858 limine
536 2801 603 2866 belli,
617 2801 747 2871 dispositis
761 2801 880 2865 castellis,
898 2819 945 2871 per
961 2798 1098 2869 expeditos

302 2888 329 2939 et
341 2880 505 2938 solitudinum
520 2895 612 2950 gnaros
627 2881 770 2932 mutantem
784 2877 892 2948 mapalia
907 2876 1099 2931 Tacfarinatem

301 2958 485 3032 proturbabat;
510 2956 589 3011 donec
612 2955 692 3010 fratre
714 2956 769 3026 ejus
790 2959 865 3026 capto
888 2971 1020 3024 regressus
1044 2957 1098 3018 est,

300 3036 476 3108 pmpcrantius
488 3039 574 3091 tamen
585 3050 661 3104 quam
679 3051 712 3089 cx
723 3032 835 3089 utilitate
850 3031 982 3087 sociomm.
998 3029 1099 3086 relictis
