2550 3500
298 402 332 452 6⁰
637 402 757 450 TACITI

933 464 1090 514 mmmm

297 520 463 594 dedignantes
475 525 502 578 et
513 525 575 595 ipse,
593 525 707 581 disemus
719 540 735 576 a
745 521 869 593 majorum
885 521 1019 587 institutis,
1031 541 1089 576 raro

297 603 399 664 venatu,
417 600 489 670 segni
505 621 627 673 equorum
643 620 719 667 eura;
737 599 854 671 quotiens
870 617 916 670 per
931 599 1009 654 urbes
1024 599 1090 654 inee-

298 676 378 744 demt,
395 677 491 734 leetioae
507 682 655 752 gestamine,
671 681 790 750 fastuque
806 696 867 748 erga
882 678 979 749 patrias
996 678 1090 748 epulas.

272 753 474 812 dhridebautm
490 761 516 812 et
533 757 615 814 Gnaei
631 757 743 821 eomites,
761 773 791 811 ae
805 755 929 810 vilissima
943 755 1092 811 utensilium

300 831 392 886 annulo
416 832 508 890 clausa.
552 835 602 890 Sed
628 835 741 907 prompti
763 833 855 898 aditus,
882 831 957 887 obvia
979 833 1094 898 comitas,

300 909 396 981 ignotae
413 909 515 967 Parthis
532 913 650 978 virtutes,
667 929 734 967 nova
751 911 833 976 vitia3
858 913 885 965 et
902 910 963 981 quia
980 910 1094 982 ipsorum

276 987 413 1046 timoribus
426 987 513 1060 aliena,
525 989 628 1062 perinde
644 990 730 1046 odium
747 989 832 1059 pravis
844 991 871 1043 et
885 988 1007 1043 honestis.
1043 989 1095 1060 Igi-

300 1069 345 1122 tur
362 1065 507 1122 Artabanus
530 1069 708 1124 Arsaeidarum
732 1085 747 1122 e
770 1066 893 1138 sauguine
917 1066 985 1137 apud
1006 1066 1095 1121 Dahas

302 1143 404 1198 aduitus
417 1146 522 1211 excitur,
535 1147 666 1218 primoque
678 1163 816 1216 congressu
831 1143 904 1198 fusus
916 1149 1017 1216 reparat
1028 1145 1096 1199 vires

280 1233 430 1292 tregnoque
447 1223 552 1292 potitur.
588 1223 667 1279 Victo
684 1221 786 1278 Vononi
808 1221 954 1294 perfugium
976 1222 1097 1276 Armenia

302 1297 360 1364 fuit,
385 1317 466 1354 vaona
493 1305 563 1367 timo,
589 1301 707 1372 interque
735 1299 889 1354 Parthorum
913 1302 940 1353 et
967 1299 1097 1354 Romanas

304 1393 364 1446 opes
385 1376 462 1431 infida
482 1377 514 1434 ob
535 1377 617 1434 scelus
638 1377 759 1442 Antonii.
770 1376 815 1448 qui
831 1375 993 1431 Artavasden
1009 1394 1097 1448 regem
1135 1380 1137 1383 ’

276 1503 279 1511 ,
304 1453 481 1510 Armeniorum
494 1456 576 1527 speeie
588 1456 705 1511 amicitiae
715 1455 836 1520 illectum,
849 1453 909 1508 dein
925 1454 1021 1508 eatenis
1038 1472 1097 1524 oue·

283 1535 396 1598 aratum,
420 1537 548 1603 postremo
572 1533 741 1590 interfeoerat.
785 1532 851 1604 Ejus
873 1532 941 1587 filius
964 1532 1095 1596 Artaxias,

304 1609 425 1664 memoria
444 1613 524 1682 patris
544 1611 617 1666 nobis
638 1611 760 1675 infensus,
778 1609 959 1664 Arsacidarum
975 1609 1002 1664 vi
1019 1627 1097 1680 seque
1135 1672 1137 1675 ¹

282 1699 462 1759 tregnumque
485 1691 587 1744 tutatus
610 1692 659 1744 est.
698 1688 789 1743 Occiso
812 1687 989 1759 Artaxia'per
1012 1685 1099 1741 dolmn

305 1766 511 1837 propinquorum,
525 1765 599 1822 datus
617 1785 632 1821 a
650 1766 750 1821 Casare
766 1766 894 1820 Armeniis
909 1765 1040 1837 Tigranes,
1056 1764 1099 1819 de·

284 1841 448 1917 adactusque
458 1844 488 1900 iu
502 1862 610 1917 regnum
625 1864 642 1900 a
656 1844 757 1901 Tiberio
773 1844 885 1899 Nerone.
921 1844 978 1899 Neo
993 1844 1100 1915 Tigrani

306 1918 454 1977 diuturnum
465 1922 599 1994 imperium
617 1922 668 1978 fuit
680 1940 765 1994 neque
779 1921 866 1978 liberis
878 1922 941 1994 ejus,
955 1939 1100 1993 quanquam

306 1998 407 2054 sociatis
437 2016 507 2054 more
535 2004 641 2055 artemo
663 2000 691 2055 iu
713 1999 904 2054 matrimonium
931 2016 1099 2069 regnumque.
1135 2039 1137 2042 -

281 2076 374 2139 4Dein
388 2076 463 2148 jussu
479 2078 591 2149 Augusti
607 2078 741 2150 impositus
756 2076 918 2142 Artavasdes,
931 2079 958 2131 et
974 2094 1027 2131 nou
1044 2076 1100 2131 sine

307 2152 377 2209 clade
397 2158 485 2209 nostra
508 2153 628 2226 dejectus.
671 2155 738 2210 ihm
761 2155 791 2209 O.
810 2154 896 2209 Casan
919 2153 1101 2223 componendae

285 2232 433 2287 2Armeniae
449 2230 577 2304 deligitur.
613 2232 642 2288 Is
660 2232 854 2299 Ariobarzanen,
870 2231 967 2303 origiue
983 2230 1101 2295 Medum,

308 2308 340 2363 ob
360 2308 485 2381 insignem
507 2310 619 2382 eorporis
642 2309 749 2364 formam
773 2314 800 2364 et
820 2308 968 2380 praeclarum
988 2308 1103 2363 animum

288 2384 451 2449 suolentibus
465 2388 592 2444 Armeniis
608 2387 730 2459 praefeeit.
766 2386 935 2441 Ariobarzane
950 2388 1034 2440 morte
1051 2387 1103 2440 for-

308 2462 376 2518 tuita
387 2463 528 2537 absumpto,
542 2465 648 2537 stirpem
662 2464 717 2536 ejus
732 2463 802 2519 haud
816 2463 972 2531 toleravere3
989 2466 1104 2518 tentato

309 2558 359 2612 que
382 2540 482 2597 feminae
504 2542 617 2614 imperio,
640 2542 683 2597 eui
704 2558 798 2597 nomen
816 2541 905 2606 Erato,
926 2558 1007 2611 eaque
1029 2539 1105 2597 breui

308 2617 389 2690 pulsa,
410 2618 502 2675 incerti
525 2618 653 2691 solutique
673 2622 700 2674 et
720 2619 802 2691 magis
824 2618 879 2673 siue
902 2618 1004 2673 domino
1025 2635 1105 2689 quam

310 2696 339 2751 in
353 2695 479 2763 libertate,
496 2696 634 2769 profugum
649 2696 776 2751 Vononen
797 2695 826 2751 in
840 2714 946 2768 regnum
965 2694 1104 2766 aoeIpiunt.

311 2773 362 2829 Sed
377 2774 423 2829 ubi
440 2774 551 2829 minitari
565 2774 720 2840 Artabanus,
735 2777 764 2829 et
780 2791 868 2845 parum
887 2772 994 2829 subsidii
1010 2773 1039 2827 in
1055 2774 1106 2827 Ar-

309 2852 407 2918 meniis,
424 2851 472 2918 vel,
490 2852 513 2907 si
527 2856 615 2907 nostra
630 2852 657 2906 vi
672 2850 857 2916 defenderetur,
872 2850 966 2906 beilum
981 2849 1107 2905 adversm
1135 2855 1137 2914 ξ

310 2929 420 2985 Parthos
433 2929 582 2985 sumendum
598 2932 661 2994 erat,
674 2932 758 2985 reetor
774 2928 853 3001 Syrius
868 2928 986 2984 Gratiam
1002 2928 1107 2983 Silanus

312 3008 424 3063 excitum
447 3006 564 3064 custodia
587 3006 734 3068 circumdat,
755 3008 873 3062 manante
895 3005 959 3061 luxu
981 3008 1009 3060 et
1031 3006 1108 3077 regio
