2550 3500
283 377 314 427 78
614 375 734 424 tecm

879 434 1072 486 maome

283 505 334 554 sus,
353 485 444 557 linquit
465 487 642 541 Germanicum
661 487 850 558 pravenitque3
875 491 909 551 ct,
934 491 1074 556 postquam
1137 466 1139 571 l

284 563 381 635 Syriam
399 581 428 618 ac
445 563 556 634 legiones
574 565 669 635 attigit,
687 563 828 634 largitione,
848 562 952 626 ambitu,
970 563 1073 616 infimos

283 641 474 711 manipularium
485 639 603 711 juvando,
614 660 672 694 cum
680 645 780 695 veteres
791 639 959 703 centuriones,
969 657 1074 693 severos
1137 646 1139 705 j

283 716 398 772 tribunos
417 717 560 772 demoveret
576 717 681 788 locaque
702 735 789 772 eorum
806 716 941 771 clientibus
960 716 1013 769 suis
1031 715 1075 770 vel
1137 728 1138 745 ¹

284 793 419 848 deterrimo
431 794 521 865 cuique
536 794 694 860 attribueret,
707 793 829 849 desidiam
843 793 871 847 in
886 793 984 857 castris,
996 792 1075 847 licen·
1137 752 1139 868 i

284 871 346 924 tiam
362 871 390 925 in
404 871 518 938 urbibus,
529 889 622 940 vagum
638 889 667 926 ac
678 870 850 926 lascivientem
861 889 907 941 per
918 887 992 940 agros
1007 870 1076 925 mili·

285 951 337 1000 tem
349 947 450 1012 sineret,
461 965 491 1002 eo
502 965 582 1018 usque
594 947 763 1019 corruptionis
774 951 909 1018 provectus
921 950 968 1011 est,
979 950 1010 1002 ut
1022 965 1075 1001 ser·

263 1030 359 1078 amone
371 1024 441 1095 vulgi
452 1042 542 1096 parens
558 1024 686 1095 legionum
701 1023 844 1078 baberetur.
879 1023 936 1078 Nec
951 1023 1076 1077 Plancina

286 1119 313 1154 se
327 1101 395 1154 intra
411 1099 501 1155 deeora
512 1100 611 1155 feminis
623 1101 734 1165 tenebat,
751 1100 796 1155 sed
813 1100 934 1154 exercitio
949 1099 1073 1170 equitum,

287 1175 434 1232 decursibus
446 1177 587 1232 cohortium
598 1177 729 1242 interesse,
742 1177 769 1231 in
783 1176 956 1248 Agrippinam,
968 1177 996 1230 in
1012 1177 1075 1231 Ger·

286 1254 411 1308 manicum
423 1254 586 1308 contumelias
595 1254 687 1324 jacere,
700 1253 850 1324 qmbusdam
862 1253 938 1307 etiam
948 1253 1075 1307 bonorum

286 1330 395 1386 rnilitum
411 1330 444 1386 ad
460 1331 526 1386 mala
541 1330 662 1401 obsequia
675 1331 807 1402 promptis,
825 1330 894 1400 quod
909 1329 977 1384 haud
993 1329 1076 1384 invito

264 1413 279 1460 6
288 1407 437 1478 imperatore
446 1426 477 1464 ca
487 1408 542 1463 fieri
552 1408 667 1462 occultus
679 1425 765 1462 rumor
774 1406 913 1462 incedebat.
934 1406 1007 1461 Nota
1017 1407 1073 1462 hacc

290 1485 451 1540 Germanico:
470 1484 515 1540 sed
532 1485 650 1556 praeverti
665 1484 698 1539 ad
709 1484 842 1539 Armenios
859 1483 997 1538 instantior
1013 1500 1078 1538 cura

242 1563 281 1618 56
290 1561 347 1616 fuit.
379 1561 504 1633 Ambigua
515 1580 577 1633 gens
590 1579 620 1616 ea
631 1561 772 1632 antiquitus
783 1561 913 1615 hominum
929 1559 1037 1632 ingeniis
1049 1563 1077 1615 et

289 1639 342 1694 situ
352 1642 484 1703 terrarum,
495 1638 619 1709 quoniam,
629 1638 723 1692 nostris
735 1637 869 1710 provinciis
881 1638 932 1692 late
944 1640 1076 1708 praetenta,

288 1715 390 1787 penitus
406 1714 438 1771 ad
452 1715 543 1771 Medos
560 1714 713 1787 porrigitur;
731 1714 896 1787 maximisque
911 1711 1022 1785 imperiis
1038 1714 1078 1769 in·

289 1793 389 1864 teriecti
409 1796 435 1847 et
456 1793 547 1863 sapius
567 1791 694 1847 discordes
717 1796 785 1858 sunt,
807 1790 927 1847 adversus
947 1792 1078 1846 Romame

266 1869 348 1925 todio
368 1873 394 1924 et
414 1869 442 1923 in
461 1869 585 1924 Parthum
605 1868 706 1924 invidia.
741 1870 841 1941 Regem
862 1869 905 1924 illa
924 1872 1079 1939 tempestate

289 1965 341 2001 non
352 1945 485 2014 habebant,
497 1950 580 2002 amoto
596 1948 716 2002 Vonone:
735 1946 781 2002 sed
796 1947 868 2001 favor
882 1946 992 2001 nationis
1008 1946 1079 2001 ineli-

289 2024 366 2079 nabat
377 2023 405 2078 in
416 2024 550 2090 lenonem,
563 2024 707 2079 Polemonis
719 2025 787 2096 regis
798 2024 899 2079 Pontici
910 2023 997 2087 libum,
1010 2023 1079 2094 quod
1139 2033 1140 2058 ³

290 2101 312 2155 is
329 2101 410 2173 prima
427 2100 458 2157 ab
478 2101 586 2157 infantia
602 2102 722 2157 instituta
739 2104 766 2157 et
784 2101 883 2157 cultum
900 2101 1089 2155 Armeniorum·

290 2178 428 2243 aemulatus,
444 2182 538 2233 venatu
553 2178 634 2250 epulis
650 2183 677 2234 et
688 2196 745 2249 quae
762 2178 811 2233 alia
825 2177 926 2233 barbari
941 2177 1078 2242 celebrant,

268 2270 282 2317 3
292 2273 407 2324 proceres
416 2255 564 2327 plebemque
574 2256 650 2327 juxta
661 2255 817 2310 devinxerat.
853 2255 939 2327 Igitur
951 2255 1080 2309 Germani·
1090 2250 1097 2265 ”
1109 2292 1113 2300 ·

292 2348 336 2385 cns
352 2332 379 2386 in
392 2332 455 2387 urbe
471 2334 602 2400 Artaxata,
615 2332 812 2404 approbantibus
827 2331 961 2396 nobilibus,
973 2331 1080 2386 circum

292 2408 349 2463 fusa
365 2409 534 2475 multitudine,
549 2410 649 2482 insigne
666 2410 764 2481 regium
781 2410 858 2481 capiti
875 2410 931 2482 ejus
948 2409 1079 2479 imposuit.

293 2486 378 2540 Ceteri
393 2492 540 2543 venerantes
556 2506 642 2559 regem
653 2489 787 2543 Artaxiam
802 2486 999 2551 consalutavere,
1012 2485 1080 2557 quod

269 2562 329 2619 4illi
336 2562 483 2618 vocabulum
495 2564 638 2619 indiderant
646 2583 679 2619 ex
686 2564 787 2618 nomine
799 2563 878 2619 urbis
903 2565 941 2617 At
950 2563 1080 2633 Cappado-

293 2639 490 2695 cesinlormam
502 2641 636 2711 provincia
648 2640 751 2722 redacti.
776 2640 957 2699 ateramum
968 2640 1081 2711 legatum

294 2727 431 2780 accepere;
448 2728 463 2765 e
463 2660 600 2798 tqiuoedam
617 2729 651 2765 ex
667 2710 743 2781 regiis
759 2710 863 2765 tributis
880 2709 1017 2775 deminuta,
1030 2729 1081 2781 quo

270 2788 341 2847 amit
342 2788 381 2841 ius
329 2786 552 2842 t'Romauum
533 2786 678 2916 timperium
687 2790 838 2856 speraretur.
861 2786 1037 2857 Commagenis
1047 2788 1081 2847 0„

296 2865 410 2919 Servaeus
422 2862 585 2933 preponitur,
593 2867 649 2915 tum
661 2862 770 2933 primum
781 2862 833 2917 ad
823 2881 865 2933 Jus
877 2864 993 2933 praetoris
1001 2867 1082 2919 trans

248 2941 284 2997 57
295 2942 361 2999 latis.
401 2940 549 3011 Cunctaque
561 2938 663 2994 socialia
676 2956 797 3010 prospere
812 2941 952 3011 composita
962 2958 1015 2994 non
1025 2940 1082 2997 ideo
