2550 3500
300 360 346 407 ala
633 356 753 405 uscarl

934 416 1094 467 mnam.

299 470 418 541 pleraque
431 486 503 533 saeva,
517 468 571 539 (qai
582 487 670 523 necem
679 468 753 522 fratri
759 467 890 522 Artabano
897 468 1052 538 conjugique
1062 485 1095 521 ac

300 547 351 602 lilio
369 547 425 618 ejus
444 550 635 615 praeparaverat,
657 545 725 600 unde
747 549 831 599 metus
849 545 905 617 ejus
925 546 953 598 in
969 546 1095 612 ceteros,)

277 624 412 677 sancivere
427 621 570 676 Vardanen.
607 622 663 687 Ille,
682 627 713 676 ut
729 627 784 677 erat
802 622 899 692 magnis
911 622 980 675 ausis
990 639 1097 692 promp-

301 704 351 765 tus,
364 699 441 754 biduo
459 698 510 752 tria
525 698 603 753 millia
618 698 759 753 stadiorum
769 697 873 764 invadit,
886 699 1055 770 ignarumque
1067 703 1098 753 et

301 777 450 831 exterritum
468 775 594 830 Gotarzen
607 777 757 847 proturbat3
781 794 863 847 neque
878 779 1014 830 cunctatur
1031 776 1099 846 quin

300 853 427 923 pmximas
442 852 604 923 praefecturas
622 853 748 923 corripiat,
761 854 821 908 solis
840 852 1033 908 Seleucensibus
1051 852 1099 907 do·

277 930 463 986 5minationem
479 930 533 1000 ejus
552 929 728 985 abnuentibus.
763 931 797 984 In
815 948 886 1001 quos,
905 934 936 983 ut
953 930 1035 1001 patris
1053 932 1100 985 sui

302 1025 401 1078 quoque
422 1006 569 1071 defectores,
590 1006 629 1061 ira
649 1007 730 1077 magis
750 1025 826 1077 quam
845 1025 878 1061 ex
899 1025 950 1061 usa
972 1009 1100 1077 praesenti

301 1101 428 1144 accensus,
446 1083 589 1153 implicatur
606 1083 736 1138 obsidione
756 1083 827 1138 urbis
848 1082 943 1148 aalide,
964 1087 991 1138 et
1010 1085 1100 1139 muni-

301 1160 394 1214 mentis
407 1160 499 1230 objecti
511 1160 591 1215 amnis
608 1179 731 1230 muroque
743 1164 770 1215 et
785 1160 966 1215 commeatibus
977 1160 1099 1216 firmata.

278 1238 409 1293 dlnterim
421 1239 542 1293 Gotarzes
554 1238 685 1293 Daharum
693 1240 921 1309 Hyrcanorumque
932 1238 1025 1309 opibus
1037 1258 1100 1294 auo-

301 1320 344 1370 tus
368 1316 462 1371 bellum
484 1320 608 1382 renovat;
636 1320 790 1387 coactusque
818 1316 948 1371 Vardanes
974 1316 1099 1371 omittere

303 1392 448 1459 Seleuciam,
473 1394 622 1448 Bactrianos
651 1393 718 1464 apud
741 1411 842 1464 campos
868 1398 953 1448 eastm
975 1394 1098 1449 eontulit.

275 1470 374 1527 9Tune
386 1471 514 1527 distractis
532 1471 645 1525 Orientis
662 1471 758 1526 viribus
774 1475 800 1526 et
817 1488 927 1542 quonam
942 1471 1099 1526 inclinarent

302 1549 412 1614 incertis,
432 1568 506 1604 casas
529 1548 676 1603 Mithridati
693 1547 768 1603 datus
785 1552 825 1603 est
844 1547 984 1618 occupandi
1003 1549 1099 1604 Arme-

301 1626 377 1691 niam,
387 1626 414 1681 vi
425 1626 511 1681 militis
524 1626 633 1680 Romani
645 1625 677 1679 ad
689 1625 827 1680 excidenda
838 1625 998 1681 castellorum
1006 1625 1097 1692 ardua,
1145 1661 1146 1676 r

278 1704 378 1763 2simul
394 1703 470 1760 Ibero
488 1704 602 1759 exercitu
619 1721 723 1774 campos
741 1702 906 1774 persultante.
950 1702 1008 1758 Nec
1028 1703 1099 1760 enim
1146 1731 1148 1769 ι

302 1781 420 1836 resistere
432 1781 552 1846 Armenii,
566 1781 630 1845 fuso,
645 1781 689 1852 qui
704 1781 819 1851 praelium
834 1799 911 1836 ausus
923 1785 988 1846 crat,
1001 1781 1099 1836 Demo-

279 1862 376 1915 amate
386 1858 512 1928 praefecto.
550 1857 684 1912 Paululum
701 1857 869 1912 cunctationis
886 1857 973 1912 attulit
989 1877 1038 1913 rex
1051 1860 1099 1913 mi-

303 1935 371 1988 noris
383 1935 509 1990 Armeniae
522 1935 610 2006 Cotys,
622 1935 702 1989 versis
714 1935 774 1989 illuc
786 1933 935 2005 quibusdam
944 1953 1099 2004 procernm;

303 2012 362 2068 dein
373 2012 465 2068 litteris
478 2014 584 2068 Caesaris
599 2016 732 2078 coercitus,
746 2017 772 2068 et
784 2017 876 2068 cuneta
886 2013 913 2068 in
924 2012 1100 2070 Mithridaten

279 2091 405 2156 eduxere,
425 2091 571 2146 atmeiorem
589 2109 665 2160 quam
682 2108 748 2145 novo
765 2108 844 2161 regno
861 2088 1022 2146 conduceret.
1058 2094 1100 2146 At

303 2168 393 2222 Parthi
412 2167 575 2238 imperatores
596 2186 655 2221 cum
675 2185 786 2237 pugnam
809 2170 935 2237 pararent,
955 2167 1040 2225 soedus
1058 2188 1100 2224 re·

303 2251 379 2314 pente
388 2245 486 2316 jaciunt
498 2245 605 2316 cognitis
618 2244 775 2314 popularium
783 2243 889 2309 insidiis,
900 2263 962 2314 quas
972 2245 1099 2301 Gotarzes

303 2323 376 2377 fratri
396 2323 530 2394 patefecit3
558 2323 735 2392 congressique
758 2321 839 2391 primo
860 2325 1017 2387 cunctanter,
1038 2322 1100 2378 dein

305 2399 428 2469 complexi
447 2400 549 2454 dextras
567 2398 634 2470 apud
650 2398 739 2452 altaria
754 2398 829 2453 deum
845 2399 964 2469 pepigere
980 2399 1099 2456 fraudem

280 2485 294 2531 5
306 2477 463 2531 inimicorum
474 2477 570 2542 ulcisci,
579 2480 656 2546 atque
667 2476 716 2546 ipsi
728 2476 795 2530 inter
806 2493 834 2530 se
845 2475 989 2530 concedere.
1026 2478 1100 2532 Poti-

305 2571 384 2623 orque
402 2553 533 2608 Vardanes
552 2553 622 2607 visua
643 2551 775 2606 retinendo
795 2570 890 2623 regno:
918 2556 945 2605 at
963 2553 1098 2621 notatas,

304 2648 337 2682 ne
356 2629 417 2699 quid
441 2629 607 2684 emulationis
628 2629 757 2694 existeret,
773 2629 875 2698 penitus
894 2629 922 2683 in
939 2630 1100 2700 Hyrcaniam

280 2705 374 2759 aabiit.
411 2705 587 2775 Regressoque
604 2703 718 2758 Vardani
735 2703 836 2759 deditur
849 2705 969 2770 Seleucia,
987 2708 1099 2778 septimo

305 2786 364 2852 post
380 2781 545 2836 delectionem
564 2798 637 2844 anno,
655 2797 707 2833 non
723 2780 778 2834 sine
794 2781 915 2836 dedecore
931 2783 1097 2852 Parthorum,

260 2865 296 2918 10
307 2877 370 2928 quos
386 2877 437 2912 una
456 2857 545 2912 civitas
560 2860 613 2910 tam
632 2856 676 2910 diu
691 2856 809 2911 eluserat.
844 2859 912 2913 Exin
928 2860 1097 2917 validissimas

225 2967 230 2980 ·
307 2934 472 3006 praefecturas
484 2933 578 2988 invisit.
613 2931 650 2988 Et
661 2950 809 3004 recuperare
817 2935 984 2998 Armeniamt
996 2937 1097 3008 avebat,
