2550 3500
303 368 335 414 98
637 368 757 417 anem

930 433 965 482 [s.
975 432 1002 473 n.
1011 434 1033 471 c.
1042 432 1083 476 na

301 476 458 532 irritamenta
468 478 569 533 invidias
581 478 671 534 domus
686 480 742 534 loro
758 480 899 546 imminens,
911 480 978 536 iesta
989 489 1085 550 ornatu

301 555 492 626 conviviumque
510 560 536 609 ct
554 556 642 626 epulan,
653 563 681 611 et
698 557 844 611 celebritate
861 557 911 613 loci
926 558 988 613 nihil
1006 560 1085 615 occul-

258 633 364 687 10tnm.
400 632 507 689 Postera
518 633 558 687 die
570 633 699 688 Fulcinius
714 634 773 689 Trio
784 634 904 689 Pisonem
918 635 984 706 apud
999 654 1086 691 oonsu-

280 709 338 763 2les
356 708 501 779 postulavit.
538 710 634 764 Contra
646 710 764 765 Vitellius
780 729 810 765 ac
822 711 948 767 Veranius
960 713 1085 784 ceterique

303 787 478 841 Germanicum
508 787 622 841 comitati
649 787 794 853 tendebant,
819 788 901 843 nullas
924 806 980 843 esse
1003 794 1086 860 partes

302 864 403 930 rlbioni;
428 882 510 935 neque
530 882 558 919 se
578 870 744 930 accusatores,
767 864 812 919 sed
834 883 919 920 rerum
942 866 1037 921 indices
1059 872 1086 922 et

281 945 389 1007 utentes,
414 942 532 997 munidato
555 942 705 1007 Germanici,
729 942 877 1012 perlaturos.
913 942 962 998 llle
985 943 1087 999 umba

302 1018 357 1089 ejus
375 1037 456 1074 causoe
472 1017 603 1084 delatione,
616 1022 647 1073 ut
664 1019 772 1089 priorem
784 1020 862 1073 vitam
876 1025 1006 1075 accusaret
1023 1021 1086 1077 obti-

300 1096 364 1164 nuit,
376 1097 534 1167 petitumqua
546 1099 585 1151 est
603 1114 618 1149 a
633 1096 752 1167 principe,
765 1097 934 1168 cognitionem
951 1098 1085 1169 exciperet.

279 1173 378 1233 4Quod
389 1192 422 1229 ne
433 1192 492 1229 reus
504 1173 604 1243 quidem
612 1172 746 1237 abnuebat,
755 1172 840 1228 studia
852 1174 939 1245 populi
950 1181 977 1229 et
985 1181 1086 1245 patrum

300 1255 430 1305 metuens:
452 1256 541 1305 contra
557 1250 685 1305 'liberium
702 1249 848 1320 spernendis
864 1251 1008 1306 rumoribus
1025 1252 1086 1307 vali·

300 1327 368 1393 dum,
382 1332 408 1383 et
420 1327 579 1383 conscientie
591 1328 680 1381 matris
691 1327 812 1381 innexum
826 1346 897 1382 csse:
915 1346 1024 1399 veraque
1039 1334 1086 1384 aut

299 1406 327 1460 in
339 1405 450 1461 deterius
459 1404 555 1460 credita
564 1404 650 1477 judice
661 1404 693 1459 ab
704 1423 755 1459 uno
767 1404 866 1459 facilius
875 1403 991 1473 discerni,
999 1406 1086 1461 odium

278 1486 326 1539 oet
343 1482 461 1537 invidiam
479 1481 546 1553 apud
562 1482 656 1536 multos
673 1481 763 1536 valere.
799 1481 878 1536 Haud
894 1482 997 1537 fallebat
1013 1483 1087 1539 Tibe·

300 1559 365 1614 rium
376 1558 454 1614 moles
463 1558 623 1630 cognitionis,
636 1576 736 1629 quaque
747 1558 802 1629 ipse
813 1558 880 1613 fama
894 1558 1085 1616 distraheretur·

282 1636 385 1707 digitur
400 1636 486 1708 paucis
500 1636 660 1691 familiarium
677 1635 796 1690 adhibitis
814 1636 895 1691 minas
912 1638 1086 1692 accusantium

299 1718 326 1770 et
341 1714 399 1770 hinc
414 1732 500 1787 preces
518 1712 596 1779 audit,
609 1712 786 1784 integramque
802 1730 903 1768 causam
919 1713 953 1769 ad
969 1719 1086 1772 senatum

259 1793 413 1852 llrernittit.
449 1794 535 1862 Atque
546 1791 648 1846 interim
660 1791 761 1846 Drusus
773 1791 872 1846 rediens
884 1791 994 1863 Illyrico,
1007 1811 1086 1864 quan·
1141 1814 1142 1869 4

298 1888 372 1941 quam
385 1874 469 1940 patrea
487 1869 646 1924 censuissent
657 1867 689 1922 ob
705 1872 836 1939 receptum
852 1869 1040 1926 Maroboduum
1057 1876 1086 1926 et

298 1966 338 2002 res
350 1947 432 2018 priore
444 1949 531 2002 astate
543 1951 628 2017 gestas
640 1949 671 1999 nt
682 1963 760 2000 ovans
777 1945 862 2011 iniret,
874 1946 973 2017 prolato
988 1947 1086 2004 bonore
1141 1964 1142 1967 ’

276 2024 385 2080 2urbem
397 2023 508 2078 intravit.
544 2023 676 2094 Postque
691 2041 736 2077 reo
747 2022 778 2077 L.
788 2024 946 2089 Arruntium,
960 2025 999 2080 M.
1012 2026 1086 2082 Vini·

297 2103 364 2160 cium
388 2101 505 2156 Asinium
526 2100 633 2165 Gallum,
655 2099 819 2154 AEscrninnm
838 2100 997 2167 Marcellum,
1023 2104 1083 2161 Sex.

294 2179 442 2251 Pompeium
454 2181 573 2250 patronos
585 2177 689 2248 petenti,
698 2177 779 2248 iisque
788 2177 1083 2248 diversaexousantibns,

295 2258 333 2314 M.
346 2257 459 2329 Lepidus
476 2261 503 2312 et
521 2255 553 2311 L.
565 2256 626 2311 Piso
644 2259 671 2310 et
686 2255 818 2310 Livineius
835 2256 951 2328 Regulus
969 2257 1083 2324 adiucrc,

294 2340 392 2390 nuceta
411 2333 480 2390 omni
500 2333 609 2398 civitate,
629 2336 724 2403 quauta
742 2332 805 2388 fides
825 2333 913 2389 amicis
930 2335 1083 2401 Germanici,

294 2431 350 2484 quae
370 2412 461 2468 fiducia
480 2427 539 2476 reo;
558 2409 632 2464 satin’
652 2409 781 2465 cohiberet
798 2427 828 2464 ac
848 2416 973 2481 premeret
990 2429 1083 2468 muana

272 2499 353 2547 aenos
373 2489 495 2545 Tiberius.
530 2486 986 2558 Haudaliasintentiorpopulusplns
996 2488 1085 2546 sibiiu

293 2566 430 2638 principem
442 2566 548 2622 occulta
559 2564 628 2619 vocis
640 2567 686 2618 aut
697 2562 833 2633 suspicacis
844 2564 939 2620 silentii
955 2566 1084 2636 permisit.

250 2649 286 2704 12
294 2644 343 2700 Die
355 2647 458 2700 senatus
471 2641 556 2697 Gaesar
566 2641 707 2696 orationem
717 2639 806 2694 babuit
818 2640 940 2696 meditato
955 2646 1085 2713 tempera-

270 2725 386 2782 2mento.
421 2718 505 2775 Patris
529 2717 570 2772 sui
592 2717 705 2788 legatum
727 2721 804 2788 atque
827 2717 936 2774 amicum
958 2719 1083 2776 Pisonem

292 2800 378 2864 luisse,
400 2797 593 2868 adjutoremque
611 2794 761 2850 Germanico
781 2794 869 2849 datum
885 2813 902 2850 a
919 2813 955 2860 se,
973 2801 1083 2854 auctore

269 2881 391 2942 asenatu,
415 2873 491 2930 rebus
515 2870 582 2942 apud
605 2870 736 2925 Orientem
759 2870 971 2928 administrandis.
1018 2874 1082 2932 Hbc
1140 2898 1141 2971 p

175 2969 182 2984 ·
291 2951 449 3012 wntumacia
465 2953 491 3016 et
508 2947 687 3006 certaminibus
702 2953 844 3021 aspcrmset
858 2949 977 3020 juvenem
992 2952 1083 3008 exitu·
