2550 3500
314 624 348 709 o'.
384 644 647 709 ooauunrr
687 645 869 707 rnorur

335 822 383 875 AB
406 820 565 876 EXOESSU
582 822 664 876 DIVI
685 819 839 877 AUGUSTI

149 954 944 1065 'naulorum

334 1140 447 1205 LIBER
464 1150 629 1209 QUINTUS
647 1150 821 1207 DECIMUS.

230 1422 355 1476 Insanus
371 1437 417 1476 rex
432 1422 586 1477 Parthorum
600 1422 750 1493 Vologeses,
764 1420 872 1493 cognitis
891 1420 1011 1482 Corbu-l

195 1498 261 1553 lonis
279 1499 355 1554 rebus
376 1516 513 1570 regemque
530 1500 696 1571 alienigenam
715 1500 843 1571 Tigranen
859 1500 987 1554 Armeniae

131 1611 132 1654 l
194 1576 350 1647 impositum,
363 1576 439 1630 simul
450 1576 530 1631 iratre
541 1577 656 1631 Tiridate
667 1576 741 1648 pulso
754 1580 868 1647 spretum
886 1577 988 1631 Arsaci·

194 1653 284 1709 darum
294 1653 427 1725 fastigium
439 1652 476 1707 ire
487 1653 570 1707 ultum
583 1654 677 1720 volens,
691 1653 867 1725 magnitudine
883 1672 984 1707 rursum

193 1731 310 1788 Romana
339 1737 367 1788 et
390 1730 505 1786 oontinui
528 1730 630 1786 loederis
653 1732 795 1787 reverentia
819 1730 930 1787 diversas
955 1730 988 1787 ad

194 1827 268 1864 ouras
280 1809 431 1866 trahebatur
441 1828 449 1874 ;
467 1813 601 1864 annotator
612 1809 714 1880 ingenio
727 1813 753 1865 et
765 1809 907 1865 defectione
919 1811 987 1882 Hyr·

194 1903 321 1952 renorma,
334 1887 419 1961 gentis
431 1885 528 1951 validae,
541 1886 681 1958 multisque
693 1905 723 1942 ex
736 1905 767 1942 eo
780 1887 853 1942 bellis
865 1887 986 1959 illigatus.

193 1966 281 2036 Atque
298 1965 370 2020 illum
393 1964 540 2036 ambiguum
562 1983 644 2021 novus
667 1966 771 2038 insuper
793 1967 899 2021 nuntius
923 1977 1010 2022 oon-2

131 2092 132 2103 ,
194 2041 304 2096 tumeliae
316 2041 464 2097 extimulat:
483 2041 576 2113 quippe
592 2061 710 2114 egressus
725 2044 845 2098 Armenia
860 2043 983 2114 Tigranes

193 2116 346 2183 Adiabenos,
371 2119 553 2173 oonteminmn
577 2120 712 2184 nationem,
737 2120 813 2174 latius
838 2137 867 2174 uo
888 2119 983 2174 diutius

194 2213 271 2265 quam
289 2213 335 2267 per
353 2195 485 2250 latrocinia
505 2200 668 2262 vastaverat3
689 2197 766 2268 idque
784 2197 906 2268 primores
925 2216 986 2268 geu-

193 2273 259 2328 tium
277 2291 344 2345 agre
361 2273 511 2338 tolerabant,
529 2291 560 2327 eo
576 2274 772 2345 oontemptiouis
788 2273 938 2328 descensum
956 2278 986 2329 ut

192 2370 226 2408 ue
238 2350 303 2406 duoe
315 2349 416 2421 quidem
428 2351 546 2405 Romano
562 2350 761 2416 incursarentur,
779 2351 825 2406 sed
842 2353 987 2407 temeritate

192 2428 289 2486 obsidis
301 2432 343 2482 tot
355 2445 401 2498 per
411 2445 491 2482 annos
506 2427 575 2482 inter
589 2429 715 2500 mancipia
732 2427 820 2483 habiti.
857 2429 1009 2490 Ascende-3

191 2509 237 2563 bat
250 2504 362 2561 dolorem
374 2521 462 2560 eorum
473 2505 641 2573 Monobazus,
654 2525 728 2577 quern
740 2524 818 2577 penes
828 2505 987 2562 Adiabenrlm

191 2585 315 2657 regimen,
337 2581 406 2652 quod
423 2582 569 2652 presidium
589 2587 635 2638 aut
652 2583 721 2638 uude
738 2588 845 2655 peteret,
864 2585 998 2656 rogitans.'

131 2706 132 2717 ,
191 2665 252 2717 lam
271 2661 304 2716 de
322 2659 443 2714 Armenia
464 2677 620 2726 eoncessum,
643 2661 758 2732 proxima
780 2661 863 2728 trahi3
888 2669 914 2716 et
938 2661 1011 2718 nisi4

131 2740 132 2815 l
193 2737 332 2794 defendant
352 2735 450 2801 Parthi,
467 2736 548 2792 levius
563 2737 696 2792 servitium
713 2737 781 2809 apud
799 2739 929 2794 Romanos
944 2737 987 2792 de-

194 2817 257 2873 ditis
275 2833 351 2887 quam
369 2815 450 2886 captis
471 2833 534 2871 esse.
570 2816 696 2872 Tiridates
718 2835 818 2888 quoque
837 2817 911 2888 regni
930 2827 1011 2887 pro-t

193 2896 272 2968 rugus
284 2911 330 2965 per
341 2891 470 2948 silentium
481 2896 527 2947 aut
538 2893 636 2948 modice
652 2894 780 2965 querendo
798 2895 899 2965 gravior
917 2898 986 2948 erat:

193 2971 333 3028 nonenim
352 2969 454 3042 ignavia
473 2988 565 3042 magna
587 2971 694 3043 imperia
717 2971 858 3040 eontineri3
875 2971 988 3027 virorum

216 3068 371 3110 rne.,norr.1.
602 3064 618 3103 z
