2550 3500
199 452 253 491 ΑΒ
270 452 312 500 ll]
418 387 612 438 ANNALIUM
630 389 668 438 11.
685 391 787 438 41-44.
954 390 983 440 71

201 503 246 572 qui
257 507 326 556 sorte
338 503 382 554 aut
393 500 474 555 missu
484 499 604 572 principis
616 501 768 557 obtinerent.
804 499 855 556 Sed
870 499 1010 557 'liberiusa

200 578 345 632 demoverat
375 578 448 648 Syria
471 576 599 632 Creticum
623 579 743 643 Silanum,
767 595 813 648 per
840 577 987 632 affinitatem

200 673 343 710 connexum
355 653 510 719 Germanico,
524 655 582 725 quia
595 655 674 710 Silani
687 655 739 710 lilia
753 654 852 710 Neroni
868 653 988 709 vetustis·

201 732 266 786 simo
289 731 425 787 liberorum
448 730 502 801 ejus
526 737 600 802 pacta
622 737 697 797 erat;
719 731 915 803 proieceratque
939 731 987 785 Cn.

200 809 328 875 Pisonem,
341 808 442 878 ingenio
454 807 592 862 violentum
603 814 630 864 et
641 809 755 880 obsequii
769 808 894 880 ignauum,
911 807 989 862 insita

201 887 296 942 ferocia
314 892 416 958 epatre
433 885 535 951 Pisone,
553 885 597 957 qui
612 886 681 941 civili
700 885 773 941 bello
781 889 942 957 resurgentes
961 885 990 940 iu

201 963 291 1018 Africa
310 968 396 1034 partes
416 963 537 1018 acerrimo
561 962 701 1018 ministerio
720 962 840 1017 adversm
864 962 990 1017 Cesarem

200 1041 277 1112 juvit,
290 1058 350 1094 mox
361 1039 472 1094 Brutum
483 1045 509 1094 et
522 1039 638 1094 Cassium
650 1044 761 1105 secutus,
771 1057 890 1094 concesso
897 1038 989 1105 reditu,

202 1117 327 1189 petitione
351 1116 475 1171 honorum
498 1115 628 1183 abstinuit,
653 1116 732 1172 donee
754 1116 823 1171 ultro
852 1115 991 1170 ambiretur

203 1195 318 1251 delatum
330 1194 361 1255 ab
376 1196 491 1266 Augusto
503 1195 662 1250 consulatum
676 1195 796 1266 accipere.
833 1194 884 1249 Sed
898 1197 1015 1265 praetera

204 1277 325 1344 paternos
337 1272 449 1342 spiritus,
462 1271 548 1326 uxoris
560 1290 661 1343 quoque
675 1271 801 1327 Plancium
816 1270 948 1326 nobilitate
963 1274 991 1326 et

203 1349 297 1421 opibus
321 1348 522 1414 accendebatur3
538 1349 584 1404 vix
606 1348 708 1404 'liberio
731 1348 875 1414 concedere,
898 1347 991 1403 liberos

203 1427 260 1498 ejus
272 1430 302 1480 ut
313 1426 422 1480 multum
433 1425 500 1480 inira
510 1425 665 1496 despectare.
700 1426 758 1481 Neo
769 1425 874 1480 dubium
882 1423 992 1480 habebut

204 1523 233 1560 se
246 1501 378 1568 delectum,
391 1502 436 1573 qni
448 1502 526 1574 Syria
538 1503 718 1573 imponeretur,
731 1501 764 1557 ad
775 1520 833 1573 spes
851 1502 993 1556 Germanici

205 1578 363 1636 noemenias.
409 1578 545 1634 Credidere
562 1579 665 1650 quidam
682 1579 742 1634 dcta
759 1583 786 1634 et
803 1596 819 1632 a
835 1577 936 1633 'liberio
953 1588 1016 1635 oco

205 1655 276 1712 culta
299 1653 436 1720 mandata3
465 1659 492 1710 et
516 1655 663 1710 Plancinam
686 1655 755 1711 haud
777 1654 853 1710 dubie
875 1658 996 1726 Augusta

206 1733 306 1791 monuit
329 1732 487 1789 emulatione
510 1732 626 1789 muliebri
649 1733 815 1807 Agrippinam
838 1732 994 1789 insectandis

205 1811 288 1866 divisa
304 1829 413 1881 namque
430 1815 457 1865 et
473 1810 569 1866 discors
586 1812 645 1865 aula
661 1817 717 1867 erat
733 1812 820 1867 tacitis
838 1811 866 1866 in
879 1812 996 1866 Drusum

206 1892 252 1943 aut
264 1888 441 1943 Germanicum
454 1887 553 1943 studiis.
588 1888 705 1944 ilbodus
716 1893 747 1944 nt
764 1889 894 1961 proprium
911 1893 938 1945 et
955 1889 1018 1947 suid

206 1965 338 2037 sanguiris
350 1965 464 2020 Drusum
475 1964 592 2020 fovebat:
612 1966 762 2021 Germanico
778 1966 895 2021 alienatio
911 1965 997 2038 patrui

206 2060 317 2097 amorem
335 2040 403 2113 apud
419 2046 517 2097 ceteros
533 2049 646 2108 auxerat,
661 2049 689 2098 et
706 2043 766 2115 quia
781 2042 931 2099 claritudine
945 2061 997 2098 ma·

206 2119 275 2175 terni
286 2118 386 2190 generis
398 2118 518 2185 anteibat,
532 2137 607 2174 avum
623 2120 662 2176 M.
674 2119 825 2186 Antonium,
844 2119 997 2175 avunculum

206 2200 356 2267 Angustum
376 2196 467 2251 ferens.
504 2196 600 2251 Contra
620 2198 707 2254 Druso
725 2215 835 2269 proavus
850 2215 928 2267 eques
941 2197 1019 2252 Ro?

207 2291 299 2328 manus
318 2273 473 2343 Pomponius
489 2274 593 2329 Atticus
614 2273 735 2331 dedecere
752 2273 915 2330 Claudiorum
935 2274 998 2329 ima-

206 2349 282 2421 gines
299 2348 439 2404 videbatur.
475 2351 511 2404 Et
530 2350 624 2422 conjux
646 2351 789 2407 Germanici
803 2350 945 2423 Agrippina
962 2351 998 2407 ie·

207 2424 341 2481 canditate
357 2442 387 2480 ac
404 2424 472 2479 fama
488 2425 588 2481 Liviam
606 2446 714 2483 uxorem
730 2427 810 2483 Drusi
830 2428 997 2499 precellebat.

209 2501 262 2557 Sed
273 2501 365 2555 iratres
381 2502 483 2573 egregie
499 2503 636 2560 concordes
655 2508 682 2561 et
697 2505 869 2576 proximorum
884 2506 999 2562 certami-

206 2579 285 2634 nibus
297 2577 446 2633 inconcussi.

243 2656 302 2713 Nec
317 2658 398 2711 multo
411 2662 470 2729 post
485 2658 587 2715 Drusus
604 2659 632 2716 in
650 2661 781 2733 Illyricum
796 2662 889 2717 missus
906 2665 954 2727 est,
969 2664 999 2717 ut
1006 2663 1046 2718 44

208 2738 340 2791 suesceret
358 2734 462 2801 militie,
483 2735 618 2809 studiaque
637 2740 764 2795 exercitus
782 2744 899 2811 pararet;
926 2738 1001 2795 simul

207 2813 328 2884 juvenem
349 2812 446 2867 urbano
469 2812 532 2869 luxu
554 2814 727 2872 lascivientem
750 2817 841 2872 melius
864 2819 892 2872 in
911 2816 1001 2871 castris
1143 2865 1144 2868 ,

210 2890 298 2945 haberi
317 2890 442 2955 Tiberius,
464 2910 541 2963 seque
559 2894 681 2949 tutiorem
700 2894 804 2950 rebatur
824 2905 932 2963 utroque
950 2892 1002 2946 filio
1143 2891 1144 2950 l

212 2966 324 3038 legiones
344 2968 483 3025 obtinente.
520 2969 571 3025 Sed
589 2972 666 3026 Sueri
684 2970 912 3042 pretendebantur,
932 2968 1025 3023 auxi-2

1116 3155 1145 3219 r
