2550 3500
132 335 142 457 l
185 424 302 472 mm
385 360 579 409 suusnruu
599 360 647 407 xi.
665 361 766 409 aa-su
925 359 973 405 aaa

177 473 296 539 tentavit,
309 475 434 543 precatus,
444 476 475 527 ut
493 490 560 527 mors
578 470 766 527 acceleraretur.
801 467 898 523 Eadem
915 475 997 523 con-5

142 601 144 610 ,
176 550 277 604 stantia
297 553 323 603 et
342 549 453 603 illustres
474 549 573 619 equites
595 548 723 603 Romanos
742 545 847 616 cupidos
866 548 972 600 matura

176 626 249 681 necis
260 626 329 680 feeit.
365 626 462 681 Titium
477 625 614 680 Proculum
629 622 760 679 custodem
773 641 789 677 a
800 622 862 677 Silio
874 622 997 677 Messa-6
1103 640 1110 658 ⁶

142 735 146 744 .
175 704 236 758 lina
248 702 344 767 datum,
358 705 384 757 et
400 702 519 757 indicium
536 702 691 767 offerentem,
708 700 822 755 Vettium
837 698 972 753 Valentem

176 779 330 844 confessum,
349 782 375 833 et
393 779 542 849 Pompeium
559 778 686 833 Urbicum
709 794 739 831 ac
763 776 893 831 Saufeium
910 776 972 830 lbo-

175 876 241 927 gum
262 874 277 910 e
300 856 416 921 consciis,
435 856 502 911 tradi
520 854 554 909 ad
572 854 723 926 supplicium
745 852 826 924 jubet.
862 852 996 908 Decrius?

176 951 280 1003 qnoque
296 932 480 1003 Calpurnianus
497 932 602 1003 vigilum
614 930 757 1003 prefectus,
775 929 901 1001 Sulpicius
918 930 972 984 Ru-

175 1010 220 1065 fus
232 1009 285 1064 ludi
298 1013 454 1080 procurator,
466 1010 484 1063 J
484 1027 565 1064 uncus
581 1008 743 1079 Vergilianus
755 1012 864 1073 senator,
884 1006 970 1061 eadem

176 1104 253 1157 poena
281 1086 373 1141 affecti.
410 1086 484 1141 Solus
513 1086 629 1141 Mnester
658 1084 845 1140 cunctationem
873 1084 969 1150 attulit,
980 1082 1018 1139 36

176 1162 299 1217 dilaniata
315 1166 387 1217 veste
401 1162 531 1219 clamitans
550 1162 673 1233 aspiceret
689 1161 822 1216 verberum
839 1164 920 1225 notas,
933 1180 971 1215 re·

174 1241 355 1295 minisceretur
372 1240 441 1295 vocis
466 1258 517 1311 qua
533 1258 560 1295 se
578 1239 713 1295 obnoxium
730 1239 808 1310 jussis
825 1238 970 1293 Messalinae

132 1340 138 1362 r
175 1316 298 1371 dedisset.
339 1316 403 1371 Aliis
424 1316 557 1387 largitione
581 1320 627 1373 aut
649 1316 703 1387 spei
723 1315 904 1387 magnitudine,
922 1315 995 1370 sibia

132 1380 136 1453 l
176 1412 210 1448 cx
230 1392 383 1449 necessitate
402 1392 513 1464 cnlpam3
539 1412 585 1449 nec
606 1394 723 1464 uunquam
740 1396 799 1447 ante
816 1391 971 1462 pereundum

175 1470 265 1535 fuisse,
288 1470 311 1525 si
332 1470 407 1525 Silius
428 1489 513 1525 renum
531 1473 669 1541 poteretur.
706 1469 866 1524 commotum
885 1469 925 1523 his
943 1473 995 1523 ets

175 1564 287 1618 pronum
299 1546 331 1601 ad
343 1546 538 1601 misericordiam
548 1547 673 1601 Caesarem
685 1546 816 1617 perpulere
825 1545 917 1610 liberti,
929 1564 969 1610 ne,

175 1627 219 1679 tot
237 1618 379 1678 illustribus
397 1623 460 1679 viris
476 1623 624 1689 interfectis,
643 1623 762 1677 histrioni
781 1622 969 1678 consuleretur:

175 1704 270 1772 sponte
283 1718 315 1756 an
327 1704 431 1756 coactus
446 1703 500 1756 tam
516 1718 607 1772 magna
618 1700 780 1772 peccavisset,
793 1699 857 1755 nihil
867 1699 969 1754 referre.

175 1779 220 1834 Nc
240 1777 327 1832 Trauli
346 1778 447 1848 quidem
464 1778 590 1843 Montani,
610 1778 703 1848 equitis
719 1777 836 1843 Romani,
858 1776 994 1833 defensiol

175 1858 281 1925 recepta
297 1859 344 1909 est.
381 1854 408 1908 Is
424 1853 539 1910 modesta
553 1855 666 1926 juventa,
682 1853 728 1909 sed
745 1872 849 1925 corpme
867 1854 968 1926 insigni,

176 1933 275 1987 accitus
287 1931 355 1986 ultro
367 1935 518 2002 noctemque
530 1931 598 1986 intra
605 1950 683 1986 unam
694 1950 710 1985 a
720 1931 860 1986 Messalina
870 1938 970 2001 protur-

176 2009 254 2064 batus
272 2012 334 2074 erat,
353 2008 455 2079 paribus
473 2008 581 2064 lasciviis
600 2008 632 2063 ad
650 2007 793 2079 cupidinem
810 2013 837 2063 et
859 2007 968 2062 fastidia.

176 2086 268 2140 Suillio
286 2085 417 2141 Caesonino
437 2089 464 2140 et
480 2085 581 2140 Plautio
598 2085 726 2140 Laterano
742 2103 810 2140 mors
822 2083 994 2149 remittimus

940 2161 955 2173 οι

175 2164 237 2220 huic
258 2163 290 2218 ob
311 2164 397 2235 patrui
420 2163 551 2235 egregium
573 2164 708 2218 meritum:
733 2163 880 2218 Caesoninus
901 2162 970 2216 vitus

174 2245 309 2312 protectus
327 2245 374 2306 est,
392 2243 514 2311 tanquam
531 2241 559 2295 in
575 2240 619 2294 illo
636 2239 774 2294 foedissimo
792 2243 861 2294 coetu
877 2257 967 2309 passus

174 2317 317 2374 muliebria.
353 2317 461 2372 Interim
484 2316 624 2371 Messalina
646 2315 803 2370 Lucullianis
831 2316 859 2370 in
886 2314 1015 2372 hortis37

174 2395 304 2466 prolatare
317 2393 404 2459 vitam,
418 2411 568 2464 componere
585 2410 681 2463 preces,
693 2392 814 2447 nonnulla
829 2411 874 2464 spe
889 2396 916 2446 et
928 2392 970 2447 ali·

174 2470 278 2542 quando
301 2470 354 2524 ira:
378 2473 479 2525 tantum
503 2471 576 2524 inter·
593 2473 707 2524 extrema
730 2468 848 2538 superbia
870 2468 969 2540 egebat.

174 2551 219 2603 Ac
237 2547 265 2602 ni
286 2546 378 2602 caedem
403 2547 458 2618 ejus
482 2547 619 2602 Narcissus
642 2546 834 2616 properavissct,
858 2551 970 2602 venerat

174 2625 301 2696 pernicies
322 2623 350 2678 in
367 2627 546 2678 accusatorem.
583 2622 653 2677 Nam
673 2622 794 2677 Claudius
812 2623 915 2678 domum
932 2631 993 2678 re-2

175 2719 281 2772 gressus
300 2703 326 2754 et
344 2701 501 2770 tempestivis
520 2699 600 2770 epulis
615 2698 748 2764 delenitus,
766 2699 811 2754 ubi
826 2700 885 2754 vino
902 2700 971 2754 inca-

175 2777 275 2844 luitici
285 2776 360 2848 jubet
371 2774 533 2846 nuntiarique
545 2776 645 2831 miserae
658 2776 718 2845 (hoc
729 2776 796 2830 enirn
806 2775 883 2832 verbo
894 2794 971 2829 usum

176 2855 284 2922 ferunt)
298 2852 429 2908 dicendam
441 2852 472 2906 ad
484 2872 584 2908 causam
596 2856 699 2924 postera
710 2852 750 2908 die
761 2853 868 2909 adesset.
894 2850 994 2910 Quodn

177 2932 222 2988 ubi
234 2930 358 2997 auditum,
369 2933 396 2985 et
407 2929 569 3002 languescere
580 2931 625 2997 ira,
636 2930 718 2986 redire
730 2949 807 2997 amor,
818 2949 855 2996 ac,
865 2929 886 2984 si
898 2946 972 2984 cunc·
