2550 3500
286 364 331 411 120
617 362 736 410 raom

856 423 892 472 [n.
902 423 928 461 c.
938 422 960 460 c.
974 418 1017 468 trs,
1026 420 1071 462 rra.

285 482 315 527 eo
326 475 432 541 metuas,
451 469 508 543 qui,'
519 490 623 528 suorum
639 473 694 543 ipse
707 470 862 543 flagitiorum
878 472 1000 543 proditor,
1018 489 1068 524 non
1144 471 1146 498 ³

235 616 237 620 ⁸
263 550 395 607 cvirorum
425 549 514 605 animis
544 550 589 605 sed
618 550 821 605 muliercularum
853 549 955 619 arrepit.
991 547 1072 603 Cedat

285 629 372 681 tamen
391 626 461 691 urbe,
482 629 508 681 et
525 626 598 681 bonis
616 627 715 681 amissis
733 637 799 697 aqna
821 629 848 681 et
871 626 925 697 igni
949 629 1072 679 arceatur.

287 702 364 762 Quod
379 696 482 773 perinde
500 720 590 758 censeo
608 722 637 759 ac
655 703 678 758 si
693 703 750 775 lege
764 703 905 774 majestatis
916 702 1072 757 teneretur.”

241 778 276 833 51
288 778 360 835 Solus
377 778 475 850 Lepido
491 780 624 835 Rubellius
641 780 755 835 Blandus
771 798 786 835 e
802 779 976 835 consularibus
992 796 1075 832 aasen-

287 858 337 913 sit:
357 858 435 913 ceteri
455 859 606 913 seutentiam
624 859 745 930 Agrippae
766 859 855 923 secuti,
880 857 1023 927 ductusque
1045 856 1076 911 iu

265 944 412 1005 toarcerem
428 934 539 1002 Priscus,
556 936 691 990 aestatim
709 935 875 989 exanimatus.
911 932 945 988 Id
957 932 1075 1008 'liberius

171 1008 177 1020 ’
287 1011 369 1066 solitis
393 1010 442 1066 sibi
464 1010 612 1082 ambagibus
635 1010 703 1083 apud
725 1013 842 1065 senatum
864 1010 998 1075 incusavit,
1017 1028 1076 1064 cum

287 1086 419 1143 extolleret
435 1088 556 1158 pietatem
573 1088 687 1159 quamvis
704 1086 815 1142 modicas
831 1087 952 1158 principis
969 1086 1075 1158 injurias
1144 1157 1146 1160 ι

287 1164 573 1230 acriterulciscentium,
587 1165 826 1237 deprecareturtam
834 1164 978 1235 precipites
988 1162 1076 1217 verbo·
1144 1179 1146 1226 j

287 1260 344 1295 rum
356 1257 441 1312 poenas
448 1264 456 1307 3
475 1241 589 1297 laudaret
601 1241 735 1313 Lepidum,
747 1258 830 1311 neque
847 1240 984 1311 Agrippam
1000 1257 1076 1311 argu⁴
1144 1249 1146 1256 '

266 1321 350 1373 teret.
385 1318 470 1389 Igitur
492 1318 590 1374 iactum
613 1321 717 1373 senatus
740 1317 893 1383 consultum,
917 1335 951 1371 ue
974 1316 1077 1371 decreta

289 1392 398 1465 patrum¹
408 1399 467 1451 ante
484 1395 551 1451 diem
569 1395 694 1450 decimum
711 1394 744 1449 ad
767 1394 884 1449 ararium
907 1393 1076 1460 deferrentur,

267 1470 366 1541 lidque
383 1472 443 1527 vitae
461 1472 571 1543 spatium
589 1472 714 1527 damnatis
730 1475 920 1542 prorogaretur.
957 1470 1007 1525 Sed
1024 1489 1082 1525 non

290 1548 390 1603 senatui
406 1548 510 1604 libertas
529 1548 561 1603 ad
578 1548 750 1620 paenitendum
766 1552 829 1614 erat,
853 1566 937 1618 neque
959 1548 1082 1603 'liberius
1144 1549 1146 1568 '

291 1625 426 1697 interjectu
437 1626 558 1698 temporis
565 1625 742 1698 mitigabatur.

243 1712 281 1768 52
326 1702 355 1758 Ο.
370 1703 503 1775 Sulpicius,
528 1704 562 1758 D.
575 1703 701 1759 Haterius
723 1701 839 1759 consules
863 1705 1020 1773 sequuntur;
1042 1702 1085 1758 in-

290 1779 407 1834 turbidus
419 1781 530 1853 externis
542 1780 617 1836 rebus
630 1796 718 1846 annus,
732 1780 800 1835 domi
811 1785 932 1852 suspecta
943 1781 1084 1837 severitate

291 1857 423 1914 adversum
437 1858 533 1924 luxum,
549 1859 593 1934 qui
607 1859 757 1914 immensum
772 1864 924 1931 proruperat
941 1859 975 1914 ad
988 1864 1102 1916 cuncta·

267 1935 350 2006 lquis
362 1936 469 2006 pecunia
480 1935 629 2007 prodigitur.
667 1936 717 1991 Sed
729 1937 777 1990 alia
793 1941 953 2007 sumptuum·
965 1937 1086 2007 quamvis

290 2012 412 2084 graviora,
426 2012 588 2068 dissimulatis
606 2013 753 2086 plerumque
771 2012 859 2084 pretiis
871 2013 1087 2080 ooeiltabantur3

291 2087 388 2144 ventris
406 2093 432 2145 et
444 2101 532 2162 ganea
548 2095 659 2162 paratus,
677 2089 784 2145 assiduis
802 2090 959 2145 sermonibus
973 2091 1100 2164 vulgatis

291 2166 403 2222 fecerant
415 2184 500 2222 curam
512 2187 544 2223 ua
562 2168 679 2239 princeps
691 2168 801 2238 antique
815 2167 975 2238 parsimoniae
991 2169 1087 2224 durius

269 2243 443 2300 8adverteret.
478 2244 546 2299 Nam
565 2245 701 2316 incipiente
721 2245 750 2299 0.
763 2244 863 2309 Bibulo,
884 2245 963 2299 ceteri
981 2263 1089 2317 qnoque

294 2320 376 2376 aediles
393 2321 562 2376 disseruerunt
578 2321 664 2393 sperni
679 2321 861 2392 sumptuariam
881 2320 972 2392 legem,
989 2325 1091 2378 vetita-

294 2415 343 2467 que
360 2399 507 2453 utensilium
523 2400 606 2471 pretia
622 2399 710 2470 augeri
727 2399 754 2453 in
770 2398 832 2463 dics3
849 2415 896 2454 nec
913 2398 1090 2455 mediocribus

293 2474 409 2530 remediis
427 2475 484 2531 sisti
501 2493 582 2547 posse.
618 2475 655 2530 ut
672 2475 783 2530 consulti
799 2479 885 2546 patres
903 2475 1034 2547 integrum
1057 2476 1092 2532 id

158 2583 159 2586 ¹
269 2549 616 2624 4²negotiumadprincipem
625 2552 784 2607 distulerant.
816 2552 1002 2618 Sedliberius‚
1016 2568 1093 2625 saepe
1144 2566 1146 2661 p

231 2633 233 2638 '
293 2627 359 2698 apud
379 2647 406 2683 sa
424 2629 551 2699 pensitato
569 2647 602 2683 au
619 2629 730 2684 coerceri
746 2636 799 2683 tam
816 2629 926 2700 profusae
950 2629 1091 2700 cupidines

293 2709 413 2776 possent;
433 2723 495 2759 num
518 2705 636 2759 coitrcitio
660 2705 717 2776 plns
735 2704 820 2760 damni
836 2705 864 2760 in
880 2724 934 2760 rem
957 2706 1094 2777 publicam

293 2781 387 2847 ferret;
406 2799 481 2852 quam
500 2779 644 2835 indecorum
657 2784 794 2836 attrectare
805 2782 873 2852 quod
885 2801 937 2837 non
947 2783 1094 2852 obtineret,
1144 2841 1146 2845 ,

293 2857 334 2913 vel
357 2861 484 2913 reteutruu
505 2856 667 2928 ignominiam
688 2861 714 2912 at
733 2858 862 2913 infamiam
882 2859 995 2913 virorum
1016 2859 1096 2914 illus-
1144 2856 1146 2937 l

293 2935 371 2990 trium
381 2937 504 3004 posceret,
514 2937 643 3004 postremo
654 2933 752 2990 litteras
761 2935 918 2990 ad'senatum
930 2937 1094 3007 composuit,
