2550 3500
194 420 215 457 Δ
234 419 253 457 D
270 418 311 466 2³]
418 356 614 405 ANNALIUM
632 359 676 407 IV.
694 361 781 408 6-10.
943 363 988 411 1³9

194 474 279 540 gustae
296 472 435 523 extremam
454 472 589 535 seueetsm,
607 470 698 525 rudem
718 460 801 526 adhue
818 472 940 541 nepotum
961 474 988 527 et

192 548 343 615 vergentem
361 548 469 601 estatem
489 564 569 611 sunm,
591 550 621 601 ut
644 547 787 603 Germanici
809 546 890 615 liberi,
913 548 989 603 unice

191 622 358 692 presentium
378 622 503 678 mulorum
521 623 670 689 levamenta,
689 623 870 679 inducerentur
885 624 986 695 petivit.

191 697 301 769 Egressi
318 698 441 763 eonsules¹
461 699 574 753 firmatos
596 700 704 771 alloquio
727 700 928 759 adolescentulos
945 701 1009 757 deo

191 775 337 845 ductosque
350 778 410 830 aute
422 775 546 831 Ooesarem
567 780 693 832 statuunt.
729 777 831 837 Qubus
849 779 986 853 upprensis,

193 858 210 880 “
219 852 312 907 Pstrcs
325 852 476 923 Conscripti,
486 851 559 919 hos,'’
571 853 663 925 inquit,
677 859 693 883 ‘⁸
703 854 808 911 orbatos
819 860 924 927 parente
935 860 987 911 tro-

191 928 248 983 didi
259 933 351 999 patruo
366 928 489 999 ipsorum,
500 935 670 1001 precatusque
685 950 750 998 sum,
763 950 906 1004 quenquam
917 936 987 989 esset

190 1006 230 1063 illi
253 1005 356 1077 proprie
373 1005 481 1073 suboles,
500 1025 533 1061 ue
551 1026 624 1063 secus
643 1027 719 1079 quum
739 1028 815 1065 suum
837 1009 986 1080 sungruuem

191 1083 293 1149 ¹sereret
317 1100 347 1137 se
369 1082 478 1149 tolleret,
503 1083 602 1155 sibique
623 1089 650 1140 et
673 1086 782 1157 posteris
807 1086 984 1143 conformaret.

192 1160 293 1231 Erepto
307 1160 394 1215 Druso
410 1178 497 1231 preces
509 1160 542 1217 nd
558 1180 603 1216 vos
620 1166 749 1228 converto,
762 1162 854 1233 disque
865 1167 892 1219 et
903 1164 1009 1235 patriar

193 1255 280 1291 coram
292 1236 414 1302 obtestor,
427 1239 541 1309 Augusti
551 1243 712 1311 pronepotes,
732 1239 875 1295 clarissimis
886 1241 987 1312 majori·

192 1312 242 1371 bus
255 1313 365 1385 genitos,
378 1314 506 1385 suscipite,
523 1316 613 1387 regite,
632 1321 744 1371 vestram
759 1335 890 1388 meamque
905 1318 984 1373 vicem

192 1390 304 1461 explete.
335 1388 373 1445 Hi
384 1390 463 1457 vobis
476 1392 547 1447 Nero
559 1398 586 1449 et
598 1393 692 1459 Druse,
705 1397 838 1464 pareutum
847 1394 910 1449 loco⁴
943 1394 1007 1449 Itan

191 1468 249 1521 nati
262 1467 332 1535 estis,
341 1473 371 1521 ut
383 1466 450 1523 boue
460 1468 575 1539 maloque
586 1475 673 1525 vestre
684 1469 717 1525 od
727 1489 779 1527 rem
793 1470 918 1541 publicum
929 1490 986 1543 per·

192 1543 320 1598 tineuut.'’
351 1544 448 1615 Magno
461 1563 491 1599 eu
499 1546 569 1613 fletu,
583 1552 609 1601 et
621 1565 683 1601 mox
695 1546 882 1619 precationibus
894 1547 1010 1606 laustis9

192 1620 297 1687 audita3
316 1639 346 1677 ae
366 1621 389 1676 si
412 1620 515 1677 modum
535 1624 644 1679 orationi
661 1624 797 1696 posuisset,
816 1624 987 1680 misericordie

192 1698 235 1755 sui
252 1697 383 1770 gloriaque
402 1698 498 1756 enimes
515 1699 671 1758 audientium
688 1701 853 1774 impleverat:
872 1700 905 1758 ad
922 1721 987 1759 vanu

193 1780 221 1833 et
244 1777 341 1842 totiens
364 1776 439 1830 irrisa
461 1777 599 1844 revolutus,
625 1779 657 1834 de
680 1779 808 1836 reddenda
825 1798 853 1834 re
876 1779 984 1852 publice,

193 1861 275 1925 utque
287 1853 403 1908 eonsules
416 1873 461 1910 seu
473 1855 530 1924 quis
543 1855 606 1910 alius
618 1857 733 1928 regimen
745 1858 909 1930 susciperent,
924 1877 985 1916 vero

194 1949 297 2002 quoque
320 1934 347 1986 et
370 1931 477 1986 honesto
501 1931 576 1986 fidem
600 1932 718 2004 dempsit.
752 1935 883 1991 Memoris
905 1936 1008 1992 Drusi2

192 2007 281 2062 cadem
298 2027 354 2078 quae
365 2007 393 2062 in
412 2009 588 2064 Germanicum
606 2009 785 2078 decernuntur,
803 2012 928 2084 plerisque
944 2013 985 2068 nd·

192 2085 265 2150 ditis,
285 2090 315 2140 ut
335 2085 414 2142 ferme
434 2091 502 2140 umet
522 2087 648 2158 posterior
666 2088 785 2144 adulatio.
821 2089 908 2144 Funus
925 2090 1007 2147 irnss

192 2163 283 2234 ginum
306 2181 399 2234 pompe
421 2163 530 2218 maxime
551 2164 651 2220 illustre
668 2166 726 2232 fuit,
746 2185 804 2221 eum
821 2167 893 2235 origo
910 2167 986 2222 Juliae

192 2240 279 2312 gentis
291 2241 394 2305 AErress,
407 2259 544 2312 omnesque
555 2241 711 2298 Albanorum
729 2262 811 2316 reges,
828 2248 855 2298 et
871 2243 986 2302 conditor

191 2318 265 2373 urbis
283 2317 417 2383 Romulus,
436 2323 495 2388 post
513 2319 606 2374 Sabina
626 2320 752 2388 nobilitas,
770 2324 850 2377 Attus
868 2322 983 2391 Clausus,

192 2399 336 2466 ceterisque
361 2394 523 2452 Claudiorum
537 2397 650 2469 effigies,
678 2397 754 2471 longo
778 2398 866 2456 ordine
889 2407 985 2472 speeta-

134 2499 135 2502 ¹
191 2477 292 2528 rentur.

227 2551 263 2606 Iu
280 2548 404 2604 tradenda
420 2554 503 2606 morte
519 2551 677 2622 Drusique
694 2552 808 2624 plurimis
827 2554 985 2627 maximeque
996 2558 1031 2612 10

190 2627 250 2684 fidis
263 2626 410 2683 auctoribus
422 2633 561 2682 memorata
573 2633 641 2694 suut,
655 2630 759 2685 rettuli:
778 2630 823 2686 sed
834 2650 886 2686 nou
897 2634 985 2688 omise-

192 2705 242 2760 rim
263 2703 402 2759 eorundem
422 2708 565 2775 temporum
587 2723 721 2771 rumorem,
743 2707 853 2762 validum
874 2708 937 2764 adeo
955 2714 986 2764 ut

192 2783 308 2839 nondum
319 2782 454 2839 exolescat.
491 2783 618 2854 Corrupto
630 2785 663 2842 ad
674 2786 756 2841 scelus
768 2787 849 2852 Livia,
867 2788 1008 2858 Sejanum2

192 2859 279 2930 Lygdi
296 2878 398 2931 quoque
412 2859 530 2932 spadonis
546 2862 659 2916 aunuum
676 2868 766 2933 stupro
781 2863 899 2927 vinxisse,
919 2861 984 2931 quod

194 2937 216 2992 is
229 2936 362 3008 [Lygdus]
375 2941 451 2993 etate
465 2941 541 3009 utque
558 2938 641 2993 forma
657 2957 732 2995 carus
750 2938 851 2994 domiuo
870 2938 987 3007 interque

1107 3114 1145 3196 A
