2550 3500
203 411 229 450 Δ.
239 406 306 457 M,
317 404 358 456 m
411 345 605 395 ANNALIUM
622 348 684 394 Xll.
702 350 771 394 2-6.
940 347 987 396 237

204 477 290 515 umore
306 458 394 513 illicito
414 458 576 526 firmabatur3
602 460 710 514 necdum
726 460 851 515 oelebrare
867 457 986 513 sollennia
994 480 1037 512 uu

202 536 350 607 nuptiarum
361 534 493 600 audebmt,
505 536 575 590 nullo
586 537 700 607 exemplo
715 536 828 593 deducte
843 537 871 591 in
885 534 986 590 domum
1000 524 1032 562 ⁴⁹·

202 615 290 687 patrui
301 614 387 669 butrio
398 614 464 670 filie.
499 612 570 673 Quin
587 618 613 669 et
628 615 761 681 ineostum,
778 632 808 670 ao
823 616 846 669 ai
861 628 1013 685 spernere-2

202 698 255 759 tur,
281 710 314 747 no
336 692 364 747 in
386 692 479 747 mulum
501 691 629 765 publiourn
653 697 802 765 emmperet‚
820 692 988 748 metuebatur.

202 770 262 825 Neo
273 772 333 825 ante
344 769 437 825 omissa
453 769 582 824 annotatio
597 788 673 841 quam
688 769 807 826 Vitellius
823 769 876 825 suis
893 770 990 825 artibus

128 849 143 919 χ’
201 846 231 902 id
247 846 443 919 perpetrandum
460 846 576 918 sumpsit.
612 848 847 919 Pereunotatusque
864 847 1013 903 Gaesaremt

203 942 237 979 un
257 924 336 995 jussis
359 922 453 995 populi,
478 942 510 979 un
527 925 675 979 auotorituti
691 929 795 981 senatus
813 924 921 990 eederet,
945 923 991 979 ubi

201 1002 246 1055 ille
266 1018 347 1055 unum
365 1018 393 1055 se
410 998 501 1056 uirium
519 1004 546 1056 et
563 1002 697 1057 consensui
714 1002 835 1073 imperem
851 1001 988 1071 respondit,

202 1077 315 1149 opperiri
325 1078 393 1132 intra
403 1076 524 1148 palatium
537 1078 618 1149 jubet.
654 1078 715 1149 Ipse
730 1079 824 1135 ouriam
840 1079 988 1151 ingreditur,
998 1092 1014 1136 4

202 1170 379 1225 summamque
389 1154 576 1225 rempublicam
589 1155 630 1227 egi
642 1155 772 1211 obtestans
783 1157 882 1212 renium
891 1157 991 1213 dicendi

202 1235 265 1285 auto
288 1230 350 1285 alios
367 1230 488 1301 exposuit,
512 1231 662 1303 orditurque
685 1234 846 1305 gravissimos
869 1234 990 1306 principis

202 1308 310 1374 labores,
322 1308 382 1379 quis
399 1306 486 1363 orbem
503 1311 579 1364 terra
594 1315 717 1381 capessat,
734 1328 809 1382 egere
824 1310 988 1376 adminiculus,

202 1389 235 1439 ut
247 1384 385 1441 domestica
396 1402 458 1440 oure
467 1402 562 1441 vaenue
574 1386 602 1441 in
613 1404 744 1443 eommnne
756 1388 877 1443 oonsulet.
913 1387 1013 1448 Quoue

202 1478 281 1532 porro
292 1460 423 1516 honestius
434 1463 554 1518 oensoriae
570 1464 663 1518 ruentis
674 1463 842 1520 levamentum
859 1482 935 1536 qnam
952 1483 990 1519 es·

203 1556 306 1594 sumere
316 1538 456 1610 oonjugem,
464 1540 590 1611 prosperis
597 1540 730 1613 dubiisque
738 1542 838 1608 soriam,
848 1542 991 1614 ouioogr'ta·

202 1616 289 1671 tiones
299 1614 408 1684 intimas,
420 1616 462 1671 oni
473 1634 563 1688 parvos
574 1618 667 1673 liberos
682 1618 774 1685 undat,
791 1636 842 1674 non
857 1619 929 1674 luxui
944 1624 990 1675 aut

202 1692 378 1764 voluptatibus
390 1694 554 1763 assueleotuq
566 1694 611 1751 sed
622 1696 667 1768 qui
677 1697 758 1768 prime
768 1696 801 1753 ab
813 1696 919 1770 juvente
929 1696 990 1770 legi·

202 1770 254 1826 bus
263 1770 494 1842 obtemperavisset.
529 1773 1016 1845 Postquambreoiarorabilioratione6

202 1847 327 1919 praemisit
338 1847 467 1920 multaque
478 1851 579 1920 petrum
595 1853 732 1907 assentatio
744 1852 902 1924 sequebatur,
915 1857 989 1924 eapto

202 1943 295 1980 rursus
306 1924 386 1991 initio,
397 1925 497 1996 quando
508 1927 676 1983 maritandum
687 1929 825 2002 prinoipem
836 1930 921 1986 ounoti
933 1949 990 1985 ana-

130 2045 131 2050 1
203 2001 303 2067 dereut,
322 2001 399 2076 deligi
415 2007 532 2074 oportere
548 2004 668 2060 feminam
683 2005 822 2073 nobilitate,
840 2008 988 2079 puerperiis,

129 2134 135 2145 ,,
204 2079 373 2136 emotimoniu
394 2079 527 2152 insignem.
577 2083 635 2138 Nee
654 2082 700 2138 diu
725 2084 907 2155 anquirendum
930 2085 1012 2156 quin2

202 2155 347 2228 Agrippina
364 2156 513 2213 claritudine
530 2159 630 2231 generis
653 2160 778 2216 anteiret:
796 2160 884 2215 datum
906 2160 938 2216 ub
961 2179 991 2216 ea

202 2233 369 2289 iocunditatis
381 2234 588 2306 experimentum,
597 2241 624 2292 et
635 2254 774 2308 oongruere
785 2241 852 2293 artes
863 2237 990 2293 honestos.

203 2310 238 2366 Id
250 2327 311 2366 vero
322 2311 458 2384 egregium,
474 2312 548 2384 quod,
562 2313 665 2384 provisu
683 2313 767 2380 deins,
784 2314 861 2369 vidua
874 2315 1012 2388 jungeres

203 2391 250 2442 tur
260 2388 368 2459 principi
377 2407 423 2444 suu
431 2393 531 2444 tantum
540 2390 698 2445 matrimonia
709 2395 821 2462 experto.
856 2392 991 2449 Audivisse

204 2483 221 2519 u
243 2465 399 2535 parentibus,
423 2466 516 2522 vidisse
536 2467 612 2538 ipsos,
637 2468 714 2539 arripi
734 2469 853 2541 eonjugee
871 2469 902 2524 ad
919 2471 991 2526 libita

204 2542 350 2598 Cusanum:
369 2544 458 2614 procul
469 2543 496 2598 id
507 2561 523 2598 u
533 2545 653 2616 presenti
663 2544 793 2602 modestia
830 2548 1014 2607 sumeretne

203 2619 283 2674 immo
301 2619 488 2687 documentum,
510 2639 560 2692 quo
578 2639 685 2678 uxorem
701 2623 916 2696 imperatum
926 2627 953 2695 (a
964 2645 992 2680 re

202 2697 315 2766 publiea)
328 2697 460 2768 acciperet.
495 2699 531 2752 At
543 2699 609 2754 enim
620 2717 687 2754 nora
694 2699 766 2756 nobis
774 2701 801 2756 in
812 2701 918 2756 fratrum
927 2701 1013 2756 filiast

206 2773 333 2843 eonjugiu
370 2773 421 2829 Sed
437 2773 492 2828 aliis
508 2775 626 2846 gentibus
638 2775 766 2843 sollennia,
779 2795 861 2849 neque
872 2778 928 2849 lege
939 2777 992 2832 ulle

205 2849 348 2920 prohibite:
367 2855 394 2908 ot
409 2849 565 2906 sobrinarum
582 2851 626 2908 diu
643 2853 760 2926 ignorata
775 2859 888 2926 tempore
905 2853 992 2908 addito

205 2926 387 2998 perereboisae.
422 2927 523 2984 Morem
534 2930 715 2988 aooommodari
728 2936 805 3004 prout
817 2932 950 2998 memet,
964 2934 992 2987 et
