2550 3500
268 403 313 449 168
597 403 716 451 raom

858 465 1057 515 [accusso.

265 532 324 567 rum
344 510 423 568 nescii
441 532 523 584 egere,
545 532 602 569 cum
621 516 842 587 propinquorum
864 520 909 570 aut
926 516 1007 581 litore,
1026 521 1057 571 et

266 608 332 661 sape
347 590 439 645 moenia
455 590 525 645 urbis
544 590 668 657 adsidens,
686 596 826 647 extremam
842 597 971 647 senectam
987 611 1057 647 com-

222 667 379 738 59pleverit.
415 669 454 721 Ac
466 668 532 722 forte
548 668 598 723 illis
617 668 705 725 diebus
720 669 833 724 oblatum
852 670 946 724 Caesari
961 688 1057 740 anceps

266 744 405 814 periculum
417 744 488 799 auxit
501 763 565 799 rana
571 746 687 811 rumoris,
697 746 856 817 praebuitque
863 747 912 817 ipsi
923 746 1058 801 materiem

244 832 311 877 acur
323 821 439 876 amicitiae
451 823 650 893 constantiaque
663 824 748 894 Sejani
758 824 840 895 magis
855 824 952 878 fideret.
988 823 1058 878 Ves-

266 897 389 953 cebantur
400 898 498 953 invilla
510 900 552 954 cui
562 900 713 955 vocabulum
732 900 870 971 Spelunca,
890 918 958 955 mare
975 901 1057 972 Amy-

266 974 365 1030 clanum
388 976 455 1030 inter
478 979 505 1031 et
526 976 662 1031 Fundanos
681 983 788 1042 montes,
809 978 896 1033 nativo
914 978 943 1031 in
965 996 1055 1047 specu.

244 1052 329 1124 eujus
341 1070 370 1107 os
382 1052 459 1123 lapsis
471 1058 575 1125 repente
588 1054 656 1108 saxis
668 1053 753 1108 obruit
766 1054 889 1125 quosdam
904 1054 1036 1109 ministros
1048 1078 1055 1110 z

265 1129 324 1185 hinc
347 1134 431 1185 metus
451 1130 479 1185 in
498 1150 584 1186 omnes
603 1136 629 1186 et
653 1131 716 1202 fuga
735 1148 823 1185 eorum
842 1132 888 1202 qui
910 1131 1057 1186 convivium

243 1207 432 1263 acelebrabant.
470 1209 577 1279 Sejanus
590 1226 658 1279 genu
669 1208 792 1279 vultuque
804 1213 831 1263 et
842 1208 958 1264 manibus
976 1227 1058 1279 super

266 1284 391 1339 Caesarem
410 1304 548 1357 suspensus
566 1285 685 1357 opposuit
703 1304 759 1340 sese
781 1285 958 1350 incidentibus,
975 1290 1057 1355 atque

264 1360 355 1416 habitu
373 1362 419 1416 tali
434 1368 549 1433 repertus
566 1367 606 1417 est
623 1380 638 1416 a
653 1362 776 1417 militibus
791 1362 837 1434 qui
853 1362 966 1417 subsidio
980 1380 1057 1417 vene·

264 1442 330 1493 rant.
366 1439 451 1510 Major
469 1458 501 1493 ex
516 1458 563 1506 co;
591 1443 617 1495 et
637 1458 780 1510 quanquam
798 1440 906 1495 exitiosa
924 1438 1055 1504 suaderet,
1146 1463 1147 1496 3

243 1519 295 1569 dut
307 1533 358 1570 non
370 1517 410 1570 sui
426 1517 522 1583 anaim,
537 1535 594 1572 cum
610 1516 660 1571 fide
678 1516 834 1571 audiebatur.
869 1515 1057 1571 Assimulabat

266 1611 314 1661 que
324 1592 416 1663 judicis
429 1598 514 1665 partes
526 1594 660 1649 adversum
670 1594 812 1648 Genuanici
820 1593 932 1664 stirpem,
944 1592 1055 1649 subditis
1146 1643 1147 1646 ,

265 1670 309 1739 qui
321 1673 494 1725 accusatorum
506 1671 608 1725 nomina
623 1671 786 1735 sustinerent,
798 1670 957 1740 maximeque
972 1669 1056 1726 insec-

265 1751 381 1801 tarentur
393 1746 522 1802 Neronem
539 1749 683 1818 proximum
694 1749 848 1803 successioni
859 1752 893 1813 et,
906 1766 1055 1818 quanquam

264 1823 379 1878 modesta
383 1824 496 1895 juventa,
506 1825 654 1896 plerumque
663 1829 749 1879 tamen
758 1825 819 1896 quid
825 1826 853 1879 in
861 1825 1056 1896 praesentiarum

265 1899 416 1956 conduceret
428 1901 542 1967 oblitum,
561 1901 621 1956 dum
638 1901 764 1958 alibertis
783 1907 809 1957 et
826 1902 967 1969 clientibus,
985 1903 1056 1972 apis·

264 1977 349 2032 candae
366 1979 487 2049 potentiae
504 1979 625 2050 properis,
647 1979 824 2034 exstimulatur
843 1983 874 2034 ut
892 1982 1006 2034 erectum
1026 1982 1056 2034 et

263 2055 383 2110 fidentem
395 2056 471 2111 animi
483 2057 644 2112 ostenderet:
657 2057 721 2112 velle
732 2057 759 2112 id
767 2056 889 2128 populum
898 2057 1053 2122 Romanum,
1146 2124 1148 2129 Ι

264 2151 356 2204 cupere
375 2134 509 2202 exercitus,
523 2153 606 2204 neque
621 2153 742 2188 ausurum
758 2137 848 2189 contra
864 2133 991 2204 Sejannm,
1007 2134 1056 2204 qui

262 2227 330 2266 nunc
351 2211 500 2283 patientiam
519 2212 586 2266 senis
606 2215 632 2266 et
652 2211 786 2282 segnitiam
805 2210 905 2282 juvenis
921 2210 998 2280 juxta
1015 2211 1055 2265 in-

219 2289 350 2346 60sultet.
387 2292 452 2347 Haec
468 2294 545 2362 atque
560 2291 622 2345 talia
640 2290 754 2345 audienti
771 2289 834 2344 nihil
849 2287 950 2360 quidem
966 2307 1054 2360 prava

263 2368 439 2438 cogitationis:
470 2368 515 2423 scd
543 2368 672 2424 interdum
701 2386 776 2422 voces
800 2365 969 2438 procedebant
993 2384 1055 2422 con·

261 2447 375 2499 tumaces
387 2449 413 2500 et
425 2445 581 2511 inconsulta,
595 2463 658 2516 quas
671 2443 781 2515 appositi
795 2442 914 2498 custodes
931 2446 1054 2513 exceptas

262 2525 398 2592 auctasque
410 2541 468 2576 cum
480 2522 613 2587 deferrent,
627 2540 709 2592 neque
721 2521 818 2575 Neroni
830 2519 964 2575 defendere
981 2519 1055 2576 darc·
1146 2522 1148 2529 '

262 2601 312 2666 tur,
333 2597 439 2652 diversae
460 2599 563 2666 insuper
579 2597 778 2654 sollicitudinum
794 2597 882 2652 forma
895 2596 1054 2652 criebantur.

240 2675 330 2730 2Nam
351 2675 415 2730 alius
434 2693 567 2729 occursum
588 2676 643 2747 ejus
658 2675 755 2741 vitare;
775 2673 877 2744 qnidam
897 2673 1055 2730 montione

261 2752 361 2807 reddita
383 2751 471 2806 statim
496 2752 577 2806 averti
584 2774 591 2817 ;
619 2751 733 2822 plerique
756 2751 885 2821 inceptum
909 2769 1056 2806 sermonem

261 2829 417 2900 abrumpere,
447 2826 623 2882 insistentibus
650 2831 740 2882 contra
764 2826 978 2898 irridentibusque
1006 2829 1056 2898 qui

240 2907 353 2977 8Sejano
377 2905 489 2960 fautores
508 2902 620 2958 aderant.
655 2904 792 2960 Enimvero
813 2903 928 2958 'liberius
952 2907 1053 2970 torvus,

261 2988 305 3037 aut
317 2983 409 3038 falsum
426 2981 543 3037 renidens
558 2980 647 3036 rrrltu:
667 2999 713 3036 seu
730 2981 876 3054 loqueretur
892 2998 935 3035 scu
952 2984 1054 3036 taceret
