2550 3500
298 406 346 455 212
637 402 758 451 'ruem

927 464 1092 514 mnam.

251 518 290 571 50
332 516 351 570 J
353 534 392 570 am
416 515 546 571 liberium
564 532 664 585 corpus,
681 514 733 585 jam
751 514 825 579 vires,
844 513 957 568 nondum
974 515 1095 570 dissimu-

296 595 359 649 latio
377 593 516 648 deserebat.
553 592 626 647 Idem
642 592 720 646 animi
734 591 819 662 rigor:
838 608 953 645 sermone
971 610 1001 647 ac
1015 593 1095 648 vultu

297 672 420 735 intentus,
446 670 553 743 quaesita
574 668 704 725 interdum
727 668 846 723 comitate
874 669 989 738 quamvis
1012 671 1096 724 mani·

275 750 390 808 alestam
408 748 576 804 deiectionem
592 747 705 819 tegebat.
740 746 902 817 Mutatisqne
919 747 1013 817 sapius
1028 747 1095 803 locis

299 825 402 881 tandem
421 825 488 897 apud
510 825 711 897 promontorium
734 824 830 879 Miseni
847 824 962 879 consedit
978 824 1007 879 in
1023 824 1095 891 villa,

278 903 342 962 teni
359 902 390 957 L.
403 902 529 957 Lucullus
547 901 674 973 quondam
691 900 816 956 dominns.
851 900 909 956 Illic
926 918 986 955 aum
1003 920 1097 973 appro-

300 980 423 1051 pinquare
435 980 559 1051 supremis
571 980 618 1034 tali
628 978 703 1033 modo
720 981 894 1049 compertum:
913 982 968 1033 erat
980 979 1097 1034 medicus

300 1061 355 1112 arte
380 1057 495 1129 insignis,
519 1056 621 1111 nomine
644 1054 780 1120 Charicles,
804 1074 857 1109 non
880 1054 983 1125 quidem
1005 1074 1098 1128 regere

301 1134 453 1189 valitudines
466 1134 586 1206 principis
611 1132 696 1197 olitus,
709 1132 808 1187 consilii
819 1136 906 1187 tamen
917 1134 1015 1205 copiam
1031 1152 1099 1205 pra-
1148 1131 1149 1154 l

280 1211 368 1266 lbere.
405 1212 433 1266 1s
457 1212 528 1266 velut
544 1212 648 1283 propria
670 1208 702 1264 ad
719 1209 823 1281 negotia
840 1209 985 1281 digrediens
1002 1215 1031 1265 et
1048 1230 1098 1283 per

303 1288 412 1359 speciem
437 1289 518 1354 officii,
542 1306 646 1343 manum
673 1286 819 1357 complexus
842 1286 945 1357 pulsum
971 1306 1098 1343 venarum

281 1365 397 1436 sattigb.
433 1365 526 1436 Neque
549 1364 657 1419 fefellit:
682 1381 742 1417 nam
764 1362 889 1431 Tiberius,
912 1364 1040 1419 incertum
1063 1383 1099 1420 an

303 1442 414 1497 offensus
425 1445 549 1513 tantoque
561 1440 643 1513 magis
654 1440 718 1495 bam
729 1458 853 1511 premens,
862 1440 999 1496 instaurari
1006 1442 1098 1513 epulas

300 1518 382 1590 jubet,
396 1518 581 1590 discumbitque
593 1518 662 1573 nltra
672 1516 783 1584 solitum,
793 1516 865 1588 quasi
876 1516 967 1572 honori
977 1518 1098 1574 abeuntis

282 1596 378 1652 tamisi
400 1595 532 1651 tribueret.
569 1594 698 1650 Charicles
720 1598 807 1648 tamen
829 1592 880 1648 labi
901 1595 1027 1666 spiritum,
1048 1614 1099 1653 nec

303 1670 907 1737 namurcumumtumm,mcroninmauu
931 1671 1100 1731 insecuta
1148 1655 1150 1741 l

305 1749 437 1820 colloquiis
449 1750 517 1804 inter
531 1755 677 1820 presentes,
696 1748 793 1803 nuntiis
809 1748 877 1820 apud
892 1749 991 1821 legatos
1008 1756 1037 1806 et
1055 1770 1100 1806 ex-
1147 1745 1149 1831 l

305 1827 408 1894 arcitus,
433 1826 627 1882 destinabantur.
663 1825 753 1881 XVII.
771 1825 822 1880 lral.
840 1827 936 1897 Aprilis
959 1827 1100 1884 interclusa

284 1904 389 1965 7anima
406 1903 517 1959 creditus
535 1909 575 1959 est
592 1903 774 1959 mortalitatem
785 1903 934 1974 explevisse.
967 1905 1005 1960 Et
1015 1906 1100 1961 multo
1146 1900 1147 1915 ¹

306 1984 452 2051 gratantum
469 1999 593 2036 concursu
611 1980 645 2036 ad
658 1979 779 2052 capienda
795 1980 894 2051 imperii
911 1982 1052 2052 primordia
1068 1984 1100 2039 G.
1145 1964 1147 2015 l

307 2060 392 2114 Cesar
415 2058 598 2131 egrediebatur,
619 2077 678 2114 cnm
700 2062 805 2128 repente
828 2058 934 2113 affertur
950 2059 1034 2116 redire
1058 2062 1102 2116 'li-
1144 2080 1145 2083 ¹

307 2136 377 2192 berio
395 2154 483 2191 vocem
501 2154 530 2192 ao
547 2137 626 2203 visus,
644 2135 779 2205 vocarique
796 2135 841 2205 qui
857 2136 1000 2199 recreandae
1017 2137 1103 2194 defec-
1143 2148 1145 2199 l

285 2214 374 2270 stioni
385 2213 469 2269 cibum
481 2214 608 2269 afferrent.
644 2213 729 2268 Pavor
746 2211 804 2266 hine
815 2212 843 2267 in
860 2230 963 2280 omnes;
981 2220 1008 2269 et
1020 2217 1105 2270 ceteri

307 2291 402 2362 passim
420 2291 538 2362 dispergi
557 2309 585 2347 se
603 2290 710 2363 quisque
726 2292 844 2344 mustum
862 2293 907 2344 aut
924 2291 1039 2346 nescium
1055 2292 1105 2346 dn·

308 2388 383 2441 gere3
403 2370 489 2425 Casan
505 2370 534 2426 in
545 2370 676 2426 silentium
687 2369 753 2423 fixus
764 2386 781 2422 a
792 2385 891 2422 summa
907 2387 952 2439 spe
963 2370 1106 2426 novissima

286 2447 466 2517 senpectabat.
502 2447 591 2502 Macro
608 2445 750 2517 intrepidus
770 2445 878 2516 opprimi
898 2463 985 2500 senem
1002 2447 1107 2518 injectu

308 2523 396 2579 multas
407 2524 485 2579 vestis
497 2524 579 2596 jubet,
593 2523 740 2594 discedique
751 2521 783 2577 ab
794 2522 888 2577 limine.
926 2523 969 2579 Sia
984 2524 1106 2580 'liberius

264 2601 399 2668 tlfimvis,
417 2606 506 2656 octavo
524 2606 551 2656 et
569 2600 756 2674 septuagesimo
771 2599 854 2654 atatis
870 2617 944 2655 anno.
981 2601 1062 2657 Pater
1080 2603 1107 2658 ei

310 2677 390 2743 Nero,
415 2682 442 2732 et
465 2677 586 2749 utrinque
609 2678 681 2749 origo
704 2677 789 2747 gentis
812 2675 932 2742 Claudia,
957 2695 1108 2750 quanquam

309 2757 392 2809 mater
403 2753 430 2808 in
445 2754 545 2808 Liviam
560 2758 586 2809 et
598 2771 659 2808 mox
674 2753 772 2808 Juliam
787 2753 907 2809 familiam
923 2753 1108 2825 adoptionibus
1136 2790 1137 2841 p

288 2830 448 2891 atramierit.
485 2830 566 2885 Casus
589 2829 671 2902 prima
692 2829 724 2884 ab
742 2829 849 2885 infantia
866 2831 998 2902 ancipites.
1034 2833 1110 2889 Nam

310 2908 482 2980 proscriptum
499 2911 597 2977 patrem
616 2905 676 2960 exul
694 2911 805 2972 secutus,
818 2906 864 2961 ubi
874 2906 979 2962 domum
989 2909 1110 2981 Augusti

310 2987 442 3060 privignus
458 2985 565 3054 mtroiit,
581 2984 669 3040 multis
686 2984 783 3042 emulis
798 2985 959 3042 conflictatus
975 2991 1025 3055 est,
1044 2987 1109 3044 dum
