2550 3500
303 341 349 389 298
636 341 756 390 taem

301 451 373 507 niosa
392 450 501 507 orbitate
524 453 551 507 et
574 456 684 519 senecta,
708 472 785 524 quam
807 453 876 508 ultra
898 402 1093 509 viiihUeiriii

301 534 421 605 produxit
433 552 539 605 quorum
551 533 648 589 ambitu
656 539 778 589 evaserat.

256 606 295 662 ⁵³
337 611 438 670 Quietae
449 610 482 665 ad
492 609 519 664 id
528 614 627 681 tempus
637 629 678 666 res
686 611 715 667 in
726 611 860 666 Germania
867 610 976 677 inerant,
986 612 1091 684 ingenio

302 686 402 756 dueum,
414 688 458 759 qui
469 687 623 759 pervulgatis
635 689 760 760 triumphi·
767 688 908 761 insignibus
920 690 1002 760 majus
1013 709 1048 745 ex
1059 709 1092 746 eo

279 764 378 821 adeona
402 764 543 836 sperabant,
562 765 585 821 si
601 783 690 836 pacem
707 766 930 821 continuavissent
964 766 1092 823 Paulinus

301 842 436 914 Pompeius
448 845 475 897 et
486 842 517 897 L.
528 842 607 897 Vetus
618 862 649 897 ea
657 847 809 915 tempestate
820 844 944 899 exercitui
955 850 1091 915 preerant.

279 920 344 977 tNe
361 924 447 975 tamen
463 938 567 991 segnem
587 920 694 976 militem
710 922 858 987 attinerent,
876 921 920 977 ille
941 921 1092 977 inchoatum

301 1002 361 1053 ante
372 1002 426 1055 tres
436 1000 463 1052 et
475 998 607 1069 sexaginta
615 999 1091 1071 annosaDrnsoaggeremcotrcendo

300 1075 392 1131 Rheno
409 1074 524 1141 absolvit,
539 1075 623 1130 Vetus
641 1075 775 1130 Monetium
792 1080 869 1147 atque
880 1075 1004 1147 †Ararim
1020 1076 1091 1131 facta

300 1152 368 1207 inter
379 1155 516 1223 utrumque
526 1152 596 1209 fossa
610 1156 760 1208 connectere
771 1152 893 1224 parabat;
911 1157 942 1209 ut
953 1154 1033 1224 oepim
1043 1172 1090 1225 per

300 1247 376 1294 mare,
390 1228 448 1285 dein
459 1228 584 1285 Rhodano
596 1233 622 1285 et
634 1231 715 1285 Arare
722 1230 850 1286 subrectae
862 1248 908 1300 per
918 1249 974 1286 eam
985 1230 1088 1297 fossam,

300 1324 360 1361 mox
371 1306 447 1363 fluuio
459 1306 566 1361 Mosella
576 1306 604 1361 in
618 1307 746 1375 Rhenum,
757 1307 816 1363 exin
833 1308 962 1364 Oceanum
974 1308 1088 1365 decume

302 1387 366 1450 rent,
380 1384 535 1455 sublatisque
549 1384 648 1439 itineris
660 1384 849 1440 difficultatibus
859 1386 1011 1457 navigabilia
1022 1387 1089 1442 inter

280 1465 330 1517 sse
348 1461 492 1517 Occidentis
511 1461 745 1533 Septentrionisque
762 1461 837 1517 litora
858 1463 956 1518 fierent.
991 1463 1088 1519 Invidit

301 1539 372 1611 operi
383 1538 465 1595 AEhus
478 1538 584 1595 Gracilis
601 1538 713 1610 Belgicae
723 1538 831 1611 legatus,
849 1538 998 1595 deterrendo
1010 1540 1087 1596 Veto·

300 1637 354 1673 rem
372 1637 405 1675 ne
421 1618 533 1689 legiones
557 1618 646 1673 alienae
668 1618 803 1690 provincie
826 1618 931 1674 inferret
954 1619 1086 1691 studiaque
1136 1613 1142 1682 l

302 1696 437 1752 Galliarum
454 1695 589 1762 affectaret,
604 1694 796 1756 formidolosum
813 1695 840 1752 id
856 1696 1002 1768 imperatori
1017 1697 1086 1754 dicti·

256 1767 375 1840 54tans;
394 1791 444 1845 qno
452 1773 600 1845 plerumque
608 1773 774 1844 prohibentur
782 1777 887 1830 conatus
896 1775 1004 1830 honesti
1041 1776 1088 1831 Ce-

301 1854 385 1906 terum
399 1851 518 1906 contiuuo
534 1851 693 1906 exercituum
707 1851 760 1906 otio
776 1851 844 1906 fama
857 1851 961 1907 incessit
972 1857 1088 1924 ereptum

279 1927 712 2001 2juslegatisducendiinhostem.
748 1928 837 2000 quue
845 1929 922 1984 Frisii
927 1929 1089 2001 juventutem

302 2005 408 2062 saltibus
426 2008 470 2060 aut
485 2004 626 2076 paludibus,
644 2004 771 2060 imbellem
785 2009 887 2061 cetam
901 2025 947 2078 per
963 2006 1034 2062 lacus
1046 2007 1089 2062 ad-
1142 2018 1143 2029 ¹

301 2102 402 2138 movere
413 2083 482 2155 ripae,
495 2100 619 2155 agrosque
630 2100 724 2138 vacuos
735 2086 762 2158 et
774 2083 883 2138 militum
893 2084 953 2138 usui
963 2085 1089 2156 sepositos

301 2160 424 2227 insedere,
443 2163 546 2216 auctore
562 2159 667 2215 Verrito
687 2163 715 2215 et
737 2160 871 2233 Malorige,
894 2161 939 2232 qui
960 2162 1090 2217 nationem

280 2249 357 2296 team
374 2237 503 2310 regebant,
521 2237 549 2294 in
566 2240 690 2309 quantum
705 2238 824 2293 Germani
838 2241 986 2310 regnantur.
1021 2239 1090 2294 Jam-

302 2335 352 2388 que
365 2316 472 2372 fixerant
484 2315 579 2380 domos,
595 2315 693 2370 semina
709 2315 775 2369 arvis
791 2315 937 2381 intulerant,
952 2319 1034 2386 utque
1047 2334 1090 2386 ps-

301 2394 380 2448 trium
392 2393 474 2448 solnm
485 2391 643 2460 exercebant,
656 2409 714 2446 cnm
729 2392 830 2447 Dubius
841 2393 943 2461 Avitus,
958 2397 1065 2464 accepta
1075 2411 1091 2448 a

301 2470 408 2526 Paulino
420 2470 555 2541 prouincia,
567 2468 707 2524 minitando
718 2469 771 2524 vim
782 2469 930 2535 Romanam,
943 2470 994 2524 nisi
1004 2470 1092 2526 absce-

302 2547 391 2604 derent
403 2547 479 2604 Frisii
490 2551 588 2602 veteres
597 2547 625 2601 in
635 2546 705 2601 locos
715 2551 760 2600 aut
768 2565 860 2602 noram
867 2546 953 2602 sedem
964 2547 1091 2603 acuente

302 2626 473 2696 impetrarent,
498 2623 609 2695 perpulit
631 2623 763 2678 Verritum
783 2627 811 2679 et
830 2623 982 2696 Malorigem
1001 2643 1091 2696 preces

280 2703 437 2774 teuscipere.
472 2701 634 2772 Proiectique
651 2701 760 2756 Romam
775 2703 838 2756 dum
854 2701 910 2756 aliis
923 2702 991 2757 cuins
1006 2702 1093 2758 inten-

302 2786 359 2836 tum
370 2779 499 2835 Neronem
510 2779 683 2848 opperiuntur,
693 2777 761 2833 inter
773 2797 804 2834 ea
815 2797 871 2850 qna
882 2778 996 2834 barbaris
1005 2783 1091 2836 osten·

303 2862 390 2913 tantur
402 2857 527 2912 intravere
538 2855 654 2925 Pompeii
670 2855 806 2921 theatrum,
824 2874 874 2927 quo
889 2856 1092 2927 magnitudinem

282 2935 390 3008 spopuli
405 2935 523 2992 viserent.
559 2933 616 2990 Illic
632 2951 678 3004 per
692 2933 774 2988 otium
792 2935 885 3005 (neque
900 2936 969 2988 enim
985 2933 1091 2990 ludicris
