2550 3500
200 417 220 454 A
236 416 255 454 D
271 414 313 462 20]
403 352 477 402 Tae.
496 353 625 401 ANNAL.
645 354 697 400 Ill.
717 355 785 401 1-4.
957 352 989 400 96

196 464 317 535 Carupani
331 482 449 535 suprema
460 482 521 537 erga
535 464 681 520 memoriam
694 464 740 519 filii
756 464 796 519 sui
813 480 918 518 munere
931 463 988 519 inn-

194 546 326 613 gerentur.
363 541 448 613 Igitur
459 542 621 597 tribunorum
637 542 863 612 centurionumque
876 541 1012 597 humeris2

194 619 294 673 eineres
305 618 489 689 portabantur3
502 618 677 691 praecedebant
688 620 816 690 incompta
827 619 907 689 signa,
920 619 988 674 versi

192 696 278 752 fasces
285 719 293 763 ;
312 700 389 768 atque
400 696 445 751 ubi
457 697 567 752 colonias
579 697 823 769 transgrederentur,
838 700 921 751 atrata
936 695 988 767 ple·

192 773 249 840 bes,
272 773 382 829 trabeati
405 774 504 845 equites
527 792 574 845 pro
597 774 688 845 opibus
711 774 761 829 loci
780 779 878 828 vestem
898 772 987 829 odores
1042 782 1046 791 '

193 850 296 921 aliaque
311 850 428 906 frmerum
443 851 572 906 sollemnia
588 851 741 906 cremabant.
776 850 862 906 Etiam
880 857 1012 922 quorum8

193 926 297 982 diversa
313 927 413 999 oppido,
425 931 513 983 tamen
528 928 603 994 obvii,
617 932 644 983 et
655 929 771 983 victimas
789 931 866 997 atquc
877 946 933 982 aras
945 926 988 982 dis

193 1004 313 1060 manibus
321 1008 471 1071 statuentes,
480 1005 588 1061 lacrimis
596 1009 622 1060 et
630 1005 868 1061 conclamationibus
877 1004 989 1059 dolorem

194 1081 367 1137 testabantur.
404 1082 505 1137 Drusus
522 1082 683 1137 Tarracinam
702 1100 851 1154 progressus
871 1086 911 1136 est
929 1094 1013 1141 cums

195 1158 305 1213 Claudio
317 1158 395 1213 fratre
407 1158 543 1229 liberisque
551 1159 701 1226 Germanici,
710 1159 754 1229 qui
765 1159 793 1213 in
803 1158 866 1213 urbe
878 1158 987 1213 fuerant.
1042 1180 1045 1187 ·

195 1234 322 1289 Consules
335 1235 372 1288 Μ.
385 1234 502 1291 Valerius
517 1235 719 1291 escuncias
737 1235 800 1307 (jam
814 1235 881 1290 enim
896 1234 1013 1306 magis-5

194 1315 294 1366 tratum
312 1313 481 1383 occeperunt)
501 1316 528 1367 et
546 1319 650 1367 senatus
671 1330 700 1367 ac
717 1330 810 1383 magna
828 1330 887 1383 pars
902 1310 989 1382 populi

194 1389 267 1443 viam
285 1389 448 1460 complevere,
462 1389 562 1460 disjecti
574 1393 601 1445 et
613 1394 644 1444 ut
655 1389 747 1459 cuique
764 1388 865 1443 libitum
881 1389 988 1454 flentes3

195 1466 287 1521 aberat
307 1466 399 1538 quippe
418 1466 536 1531 adulatio,
553 1467 637 1538 guaris
655 1465 772 1520 omnibus
789 1464 875 1519 laetam
888 1464 989 1519 'liberio

196 1542 342 1599 Germanici
364 1546 472 1598 mortem
494 1542 560 1598 male
583 1542 743 1599 dissimulari
778 1540 894 1596 'liberius
913 1542 1017 1612 atque3

195 1622 318 1691 Augusta
328 1620 430 1691 publico
442 1620 594 1687 abstinuere,
607 1620 714 1675 iuferius
725 1618 859 1690 majestate
874 1636 920 1673 sua
930 1617 989 1684 rati,

196 1698 219 1753 si
234 1698 318 1770 palam
333 1697 540 1764 lamentarentur,
561 1716 594 1753 au
608 1716 642 1754 ue
662 1696 776 1753 omnium
794 1695 873 1752 oerrlis
889 1695 990 1752 vultum

196 1794 286 1832 eorum
303 1775 476 1832 scrutantibus
492 1776 550 1831 falsi
563 1775 779 1847 intellegerentur.
815 1774 928 1829 Matrem
938 1775 1015 1829 Ant

196 1852 295 1908 toniam
309 1871 361 1908 nou
377 1852 445 1924 apud
461 1857 577 1908 auctores
595 1872 688 1918 rerum,
707 1870 759 1907 nou
770 1851 860 1906 diurna
875 1854 991 1907 aetorum

197 1929 436 2009 scriptura'reperio
445 1929 497 1985 ullo
509 1930 603 2002 insigni
614 1930 695 1985 officio
704 1930 833 1995 functam3
846 1948 905 1984 cum
916 1947 993 2000 super

196 2007 366 2079 Agrippinam
389 2011 416 2063 ct
439 2008 555 2062 Drusum
577 2012 604 2063 et
628 2007 764 2062 Claudium
787 2007 867 2062 ceteri
890 2024 991 2077 quoquc

196 2084 381 2156 consanguinei
394 2085 543 2140 nominatim
561 2085 696 2156 perscripti
707 2085 759 2139 sint
771 2102 777 2138 :
796 2102 842 2138 seu
853 2082 992 2138 valitudine

196 2161 408 2234 praepediebatur,
427 2181 473 2218 seu
488 2162 572 2218 victus
589 2162 662 2217 luctu
678 2161 776 2217 animus
792 2159 992 2232 magnitudinem

196 2239 260 2294 mali
277 2239 388 2310 perferre
406 2239 463 2294 visu
482 2257 535 2294 non
554 2239 680 2294 toleravit.
716 2237 826 2293 Facibus
843 2235 1015 2293 crediderint

196 2316 302 2372 Tiberio
317 2320 344 2372 et
360 2319 487 2389 Augusta,
505 2317 549 2388 qui
560 2315 634 2372 domo
651 2334 703 2370 uon
719 2314 882 2380 excedebant,
899 2313 992 2370 cohibi-

196 2397 261 2459 tam,
274 2397 305 2448 nt
320 2411 367 2464 par
383 2413 480 2457 meror,
493 2398 520 2448 et
537 2395 625 2449 matris
640 2393 755 2464 exemplo
773 2391 828 2447 avia
846 2409 947 2462 quoque
965 2396 992 2446 et

196 2481 308 2545 patruus
323 2473 426 2528 attineri
437 2472 591 2528 viderentur.
626 2473 691 2527 Dies
702 2490 753 2543 quo
770 2471 882 2542 reliquia
893 2471 1020 2526 tumulo4

196 2550 314 2622 Augusti
327 2549 507 2618 inferebantur,
518 2549 594 2605 modo
605 2568 652 2620 per
669 2549 797 2604 silentium
808 2553 904 2614 vastus,
917 2547 992 2604 modo

196 2627 341 2700 ploratibus
353 2628 451 2698 inquies
460 2650 468 2694 ;
486 2627 561 2698 plena
578 2627 649 2681 urbis
667 2627 766 2692 itinera,
776 2625 928 2681 collucentes
944 2644 992 2697 per

197 2723 317 2776 canrpnm
334 2704 428 2759 Martis
443 2704 518 2760 faces.
561 2703 619 2758 illic
630 2703 703 2758 miles
720 2721 778 2759 cum
790 2702 874 2768 armis,
888 2702 943 2757 sinc
954 2702 1017 2756 ima

198 2782 318 2854 signibus
343 2782 516 2853 magistratus,
537 2780 648 2852 populus
671 2799 717 2851 per
739 2780 830 2846 tribus,
851 2778 993 2834 concidisse

199 2858 401 2930 rempublicam,
413 2857 542 2929 nihilspei
559 2857 685 2928 reliquum
702 2857 873 2920 clamitabant,
891 2872 993 2925 promp-

200 2938 255 2990 tius
285 2937 449 3007 apertiusque
477 2953 553 3006 quam
576 2939 606 2988 ut
629 2934 774 2988 meminisse
802 2928 993 3002 inperitantium

205 3011 328 3070 crederes.
353 3012 427 3070 Nihil
438 3015 523 3067 tamen
534 3011 664 3067 liberium
675 3008 756 3080 magis
767 3007 909 3079 penetravit
918 3013 1013 3074 quaint
