2550 3500
190 463 217 501 A
227 460 253 499 D·
263 460 372 522 ⁵4]
397 398 592 447 ANNALIUM
607 396 671 448 XII.
689 399 792 448 65-69.
933 400 980 453 26⁷

190 510 285 565 sedere
296 508 374 579 rneipi
385 528 442 565 eum
451 510 570 581 periculo,
583 510 670 582 peragi
682 528 740 565 enm
751 509 863 581 premio.
899 510 979 565 Voce·
987 513 1025 569 68

189 588 266 643 batur
274 589 312 643 int
313 590 375 643 erim
383 594 493 654 senatus,
504 594 613 657 votaque
624 608 669 660 pro
677 590 850 644 incolumitate
859 589 980 678 prineipis

190 666 305 721 eonsules
318 671 344 721 et
356 666 470 721 sacerdot
459 671 498 721 tes
517 667 704 737 nuncupabant,
722 686 779 721 eum
788 667 841 738 jam
859 668 980 721 exanimis

189 748 244 797 vest
233 741 342 798 tibust
316 748 342 797 et
354 743 450 797 fument
450 744 472 797 is
438 744 529 798 ttob
517 748 616 815 tegeret
617 764 655 808 nr,
673 743 741 808 dum,
761 763 802 798 res
816 745 882 814 (quw
892 764 906 799 e
916 764 944 798 re
953 744 979 813 l)

189 820 274 875 forent
297 820 418 875 firmando
437 821 575 875 Neronis'
568 822 673 891 rmperio
692 826 847 892 componunt
848 841 886 876 ur.
921 822 1003 878 Jamz

189 898 299 968 primum
310 898 457 969 Agrippina,
470 898 540 953 velut
559 898 645 953 dolore
656 898 724 953 vieta
735 904 762 954 et
778 899 868 954 solatia
879 899 981 970 conqui-

189 992 256 1039 rens,
274 979 362 1029 tenere
379 975 496 1045 amplexu
513 976 696 1041 Britannicum,
709 995 795 1032 veram
812 977 912 1048 petemi
929 976 980 1031 oris

190 1052 300 1123 effigiem
308 1050 438 1121 appellare,
448 1070 477 1105 ee
486 1052 560 1107 variis
573 1052 670 1107 artibus
682 1052 813 1121 demorari,
820 1072 852 1108 ne
864 1054 980 1109 enbienlo

189 1128 360 1199 egrederetur.
396 1129 534 1183 Antoniam
558 1148 658 1200 quoque
682 1135 709 1185 et
728 1131 860 1185 Octaviam
880 1142 1001 1189 sorores8

189 1208 244 1276 ejus
271 1205 382 1270 attinuit,
408 1209 434 1259 et
458 1211 563 1261 ennetos
587 1206 671 1261 aditus
701 1208 822 1262 custodiis
846 1208 978 1274 clauserat,

136 1299 139 1308 ·
189 1282 328 1353 crebroque
339 1282 459 1353 vulgabat
471 1283 507 1337 ire
525 1283 552 1337 in
569 1283 659 1338 melius
670 1284 834 1339 valitudinem
851 1285 979 1356 principis,

190 1378 240 1429 quo
252 1360 324 1414 miles
335 1359 401 1415 bona
412 1360 439 1414 in
451 1378 495 1430 spe
507 1365 601 1431 ageret,
614 1365 765 1431 tempusque
782 1380 928 1433 prosperum
948 1381 980 1417 ex

189 1436 293 1491 monitis
306 1435 478 1490 Cheldaeorum
492 1436 647 1491 adventaret.
683 1438 755 1492 ‘lune
766 1437 848 1492 medio
860 1437 917 1503 diei,
929 1442 979 1492 ter-
987 1440 1024 1495 69

189 1513 255 1567 tium
267 1517 326 1567 ente
334 1512 396 1567 Idus
405 1512 529 1577 Octobris
543 1514 640 1569 loribus
648 1514 736 1584 palatii
746 1518 850 1585 repente
859 1514 977 1581 diductis,

190 1590 327 1644 eomitante
350 1590 433 1644 Burro
457 1590 527 1644 Nero
552 1591 682 1661 egreditur
705 1590 738 1647 nd
761 1591 898 1659 eohortem,
923 1610 979 1663 qnae

189 1684 260 1720 more
283 1667 378 1721 militie
398 1666 510 1722 excubiis
529 1668 608 1722 adest.
645 1668 694 1733 Ibi,
710 1673 829 1723 monente
849 1668 977 1739 prefecto,

134 1742 136 1754 ”
189 1744 264 1798 festis
287 1744 390 1799 vocibus
414 1753 534 1815 exceptus
553 1744 651 1800 inditur
670 1744 775 1800 leetieae.
811 1745 1001 1806 Dubiuvisser

190 1819 312 1890 quosdam
335 1821 428 1887 ferunt,
452 1825 624 1892 respectantes
648 1823 838 1894 rogitantesque
857 1823 903 1879 nbi
921 1824 978 1882 Bri·

190 1898 307 1952 tannicus
327 1903 409 1952 esset:
427 1917 489 1953 mox
506 1899 575 1953 nullo
594 1899 621 1953 in
642 1899 770 1955 diversum
790 1905 901 1967 auctore,
921 1921 978 1972 quae

190 1975 367 2040 offerebantur,
388 1975 469 2030 seeuti
489 1980 556 2030 sunt.
593 1977 734 2048 Illetusque
755 1979 844 2032 eastris
860 1979 931 2032 Nero
950 1982 1000 2034 ets

190 2051 357 2122 congruentis
374 2052 482 2122 tempori
504 2053 632 2124 praelatus,
657 2055 780 2125 promisso
804 2055 922 2108 donativo
945 2055 979 2109 ed

189 2129 335 2199 exemplum
350 2133 461 2199 petemae
478 2126 626 2200 largitionis,
644 2131 780 2201 imperator
795 2131 976 2186 consalutatum

191 2206 348 2260 Sententiam
362 2206 472 2260 militum
489 2212 577 2260 secute
591 2212 694 2277 petrum
705 2209 827 2273 eonsultn,
844 2226 891 2262 nee
907 2208 977 2262 dubi-

188 2286 272 2338 tatum
285 2286 325 2337 est
337 2282 404 2353 apud
415 2282 563 2353 provincias.
601 2284 771 2355 Oaelestesque
783 2285 889 2339 honores
903 2284 999 2340 Clau-4

190 2359 232 2414 dio
253 2359 431 2427 dee'ernnntur‚
453 2368 480 2414 et
499 2359 595 2414 funeris
616 2361 728 2415 sollenne
749 2361 852 2432 perinde
870 2380 899 2415 ae
919 2362 977 2417 divo

188 2439 309 2508 Angusto
322 2436 470 2500 celebratur,
484 2436 617 2492 aemulante
629 2438 770 2508 Agrippina
780 2439 888 2509 proavioe
896 2439 977 2494 Liviae

188 2513 410 2586 magnificentiam.
446 2514 638 2568 Testamentum
650 2519 736 2568 temen
752 2514 821 2568 haud
833 2517 998 2580 recitatump

187 2610 220 2646 ne
240 2591 399 2661 antepositus
413 2590 464 2646 filio
485 2591 615 2663 privignus
627 2591 720 2664 injuria
730 2596 757 2648 et
771 2592 866 2649 inuidia
881 2593 977 2648 animos

188 2669 260 2741 vulgi
271 2667 395 2724 turbaret.
