2550 3500
308 382 356 429 240
582 411 586 421 ·
639 378 757 425 TACITI

941 439 976 488 [A.
985 439 1012 478 U.
1020 440 1041 478 0.
1051 438 1095 479 802

305 492 401 545 Datum
413 490 518 563 posthac
531 488 560 544 Ο.
574 490 670 555 Cassio,
688 490 732 560 qui
744 488 821 561 Syria
837 493 952 559 praerat,
970 489 1096 543 deducere

260 568 421 639 12juveneru
436 568 516 638 ripam
534 565 566 620 ad
582 567 729 637 Euphratis.
764 568 803 619 lla
820 569 972 636 tempestate
989 566 1097 619 Cassius

305 652 402 701 ceteros
414 644 576 717 praeminebat
588 645 679 715 peritia
695 644 795 715 legum:
813 661 872 697 nam
887 643 1009 698 militares
1026 648 1095 697 artes

304 738 349 792 per
372 722 451 777 otium
469 722 569 794 ignotae,
587 720 775 791 industriosque
798 724 843 774 aut
865 719 971 791 ignavos
994 736 1046 790 pax
1069 720 1097 774 in

281 809 376 869 2oequo
397 802 474 853 tenet.
510 799 549 853 Ac
568 800 655 852 tamen
673 801 797 868 quantum
816 796 870 850 sine
890 796 957 850 bello
978 795 1095 860 dabatur,

285 880 288 887 '
304 893 421 930 revocare
433 874 543 945 priscum
556 892 659 939 morem,
670 875 808 928 exercitare
823 872 943 944 legiones,
957 889 1026 939 cura,
1037 890 1097 943 pro

303 953 361 1007 visu
377 952 480 1023 perinde
498 970 572 1024 agere
587 970 616 1007 ac
634 952 656 1006 si
671 952 756 1005 hostis
769 951 916 1021 ingrueret:
934 950 972 1004 ita
989 949 1096 1021 dignum

303 1029 439 1100 majoribus
456 1029 508 1083 suis
526 1033 551 1083 et
568 1028 663 1083 familia
680 1027 768 1081 Cassia
784 1026 886 1096 †ratns‚
898 1044 944 1097 per
960 1025 1018 1081 illas
1035 1046 1096 1097 quo
1144 1085 1145 1088 ,

280 1120 352 1175 sque
364 1109 453 1174 gentes
466 1105 598 1160 celebrata.
633 1104 720 1175 Igitur
728 1103 818 1157 excitis
830 1120 938 1174 quornm
950 1102 982 1157 de
994 1110 1097 1157 senten·

303 1183 341 1236 tia
358 1183 453 1253 petitus
471 1200 523 1247 rex,
541 1182 682 1253 positisque
700 1180 790 1235 castris
805 1179 872 1250 apud
888 1180 1007 1251 Zeugma,
1025 1180 1096 1233 unde

303 1258 411 1313 maxime
428 1259 530 1329 pervius
549 1258 636 1323 amnis,
654 1262 788 1328 postquam
805 1256 917 1311 illustres
934 1256 1025 1310 Parthi
1039 1274 1095 1310 reu-

303 1353 353 1406 que
375 1335 489 1390 Arabum
512 1334 626 1390 Acbarus
650 1332 793 1398 advenerat,
818 1336 906 1387 monet
926 1332 1095 1387 Meherdaten

303 1411 465 1467 barbarorum
483 1412 593 1483 impetus
608 1426 678 1466 acras
695 1409 855 1464 mactatione
871 1409 1034 1481 languesoere
1049 1414 1095 1463 aut

278 1491 330 1546 4in
349 1490 478 1563 perfidiam
496 1490 607 1546 mutari:
625 1490 663 1544 ita
677 1493 782 1560 urgeret
800 1491 890 1559 coepta
926 1488 1005 1547 Quod
1023 1506 1095 1559 spre-

302 1573 358 1624 tum
370 1570 459 1625 fraude
470 1569 571 1638 Acbari,
590 1568 634 1639 qui
647 1568 765 1639 juvenem
782 1566 906 1639 ignarum,
924 1570 951 1621 et
969 1584 1094 1620 smumam

302 1648 428 1703 somonam
445 1648 472 1703 in
488 1648 551 1702 luxu
562 1652 654 1714 ratum,
665 1645 759 1700 multos
775 1664 820 1716 per
835 1644 888 1699 dies
903 1644 1009 1699 attinuit
1026 1644 1095 1716 apud

279 1724 422 1797 toppidum
441 1723 570 1780 Edessam.
606 1723 770 1779 revocante
790 1722 888 1778 Carene
911 1726 1094 1794 promptasque

302 1820 342 1856 res
354 1805 507 1866 ostentante,
520 1801 543 1856 si
554 1799 599 1855 citi
611 1800 779 1865 advenissent,
792 1817 844 1854 non
855 1799 996 1854 comminus
1009 1799 1094 1854 Meso

301 1878 438 1950 potamium
462 1877 507 1932 sed
529 1878 598 1932 flexu
620 1877 767 1931 Armeniam
791 1879 891 1947 petunt,
916 1877 944 1931 id
969 1877 1093 1948 temporis

257 1953 477 2026 13importunam‚
501 1954 560 2025 quia
576 1953 658 2008 hiems
675 1951 823 2024 occipiebat.
859 1953 927 2008 Exin
942 1953 1047 2008 nivibus
1067 1956 1094 2008 et

301 2031 429 2086 montibus
441 2030 509 2096 fessi,
522 2034 656 2102 postquam
668 2047 769 2101 campos
784 2029 996 2102 propinquabant,
1013 2030 1093 2101 copiis

210 2119 213 2124 ’
302 2108 406 2164 Carenis
419 2107 600 2180 adjunguntur,
613 2107 781 2178 tramissoque
793 2125 866 2162 amne
877 2106 948 2179 Tigri
960 2111 1093 2177 permeant

301 2186 453 2251 Adiabenos,
475 2203 582 2257 quorum
599 2203 646 2239 rex
665 2185 748 2239 Izates
766 2184 914 2239 societatem
931 2182 1093 2238 Meherdatis

301 2263 383 2335 palam
400 2263 525 2328 induerat,
537 2263 565 2317 in
583 2261 709 2317 Gotarzen
726 2278 772 2331 per
787 2260 887 2315 occulta
904 2263 931 2315 et
947 2261 1030 2331 magis
1042 2260 1093 2314 fida

277 2339 443 2396 2inclinabat.
480 2338 530 2394 Sed
541 2343 616 2410 capta
630 2339 659 2393 in
669 2339 780 2392 transitu
791 2337 852 2393 urbs
864 2338 955 2403 Ninos,
968 2337 1093 2391 vetustis·

300 2419 364 2473 sima
375 2418 447 2474 sedes
459 2418 577 2490 Assyriae,
591 2416 723 2472 castellnm
739 2416 838 2488 insigne
854 2416 928 2481 lama,
947 2414 1017 2487 quod
1033 2433 1094 2486 pos·

299 2498 382 2550 tremo
393 2495 460 2550 inter
471 2495 578 2550 Darium
587 2497 664 2566 atque
673 2493 844 2548 Alexandrum
855 2493 942 2564 prelio
953 2493 1092 2547 Persarum

276 2571 351 2630 aillic
360 2589 420 2642 opes
433 2571 603 2626 conciderant.
638 2571 741 2625 Interea
756 2571 884 2635 Gotarzes,
898 2569 966 2641 apud
977 2573 1092 2624 montem

299 2648 340 2704 cui
352 2665 442 2702 nomen
455 2647 585 2714 Sanbulos,
598 2651 659 2702 vota
670 2647 711 2701 dis
723 2646 772 2702 loci
790 2647 951 2718 suscipiebat,
964 2647 1093 2718 praecipua

299 2724 420 2795 religione
443 2723 550 2778 Herculi
559 2745 567 2790 ;
598 2723 643 2794 qui
668 2726 782 2794 tempore
813 2727 881 2779 stato
904 2741 950 2795 per
978 2724 1092 2794 quatem

299 2803 385 2856 monet
409 2799 559 2864 sacerdotes,
583 2804 614 2853 ut
636 2799 760 2870 templum
781 2800 857 2872 juxta
884 2816 963 2871 equos
985 2801 1092 2855 venatui

275 2877 435 2932 hadomatos
458 2876 557 2931 sistant.
592 2876 661 2946 Equi
681 2875 726 2931 ubi
746 2877 878 2948 pharetras
900 2877 959 2932 telis
983 2883 1091 2932 onustas

299 2971 424 3026 accepere,
435 2971 480 3025 per
492 2953 571 3008 saltus
591 2952 650 3024 vagi
660 2956 735 3008 nocte
748 2952 848 3009 Murum
864 2954 951 3010 vacuis
962 2953 1091 3025 pharetris

1143 2210 1145 2307 l
