2550 3500
283 351 316 399 sc
614 339 739 392 TAclTI

913 399 1066 451 mecm

236 451 1068 528 &mmmeemfflm.fflwmmssmmstms

259 545 262 554 '
283 553 393 607 gressus,
411 551 456 605 per
470 533 584 605 ingentia
600 534 724 606 promissa
742 531 857 603 quamvis
876 530 1021 602 ambignum
1042 534 1070 584 et

284 612 379 667 scelera
396 628 442 666 oua
458 614 619 681 reputantem
635 610 754 682 perpulit,
772 613 802 664 ut
819 608 936 680 presidio
955 609 1072 662 Romana

240 695 244 724 ³
260 688 399 746 nintraret.
435 687 597 742 Circumdata
612 683 672 743 hine
687 687 749 759 regi,
765 685 849 757 specie
864 685 975 749 honoris,
988 685 1072 752 ualida

284 783 374 820 manus
389 764 535 836 tribunique
554 769 581 820 et
599 766 767 830 centuriones,
784 763 916 829 monendo,
933 761 1071 828 suadendo,

284 845 311 897 et
337 845 432 913 quanto
456 842 555 914 longius
580 841 769 907 abscedebatur,
796 841 920 912 apertiore
947 839 1071 905 custodia,

260 935 275 982 3
284 923 412 991 postremo
429 937 537 990 gnarum
555 919 715 974 necessitatis
734 919 761 974 in
776 917 864 973 urbem
878 922 986 972 traxere.
1022 919 1072 972 Ac·

284 1001 387 1052 cusetus
405 997 432 1050 in
449 1003 540 1050 senatu
557 995 588 1052 ab
605 1013 686 1051 uxore
703 995 792 1066 cotys
807 994 947 1060 demnatum,
964 998 995 1048 ut
1012 1011 1074 1066 pro·

260 1073 326 1128 seul
343 1091 421 1144 regno
436 1075 574 1127 teneretur.
610 1072 717 1130 'Pbreoia
733 1072 760 1126 in
776 1071 966 1127 Rhoemetalcen
982 1071 1071 1136 filium,

284 1170 359 1218 ouem
382 1149 494 1221 paternis
517 1150 627 1206 consiliis
652 1149 812 1205 adversatum
833 1149 972 1214 constabat,
995 1149 1074 1219 inque

283 1224 375 1283 liberos
397 1227 486 1298 Cotyis
510 1226 646 1294 dividitur3
664 1227 746 1297 iisqne
764 1226 875 1281 nondum
896 1226 989 1280 adultis
1011 1226 1074 1281 Tre·

283 1303 406 1359 beliienus
430 1303 514 1358 Rufus
538 1308 650 1375 praetura
668 1303 772 1359 iunctm
796 1303 878 1369 datur,
903 1304 947 1374 qui
964 1318 1075 1376 regnum

284 1381 386 1436 interim
409 1384 538 1446 tractaret,
563 1380 678 1452 exemplo
697 1399 748 1451 quo
767 1381 876 1452 majores
895 1381 934 1435 M.
945 1379 1074 1452 Lepidum

263 1459 416 1515 cPtolemaei
427 1459 511 1514 liberis
520 1459 667 1514 tutoremin
674 1459 815 1531 AEgyptum
826 1460 955 1514 miserant.
991 1459 1075 1514 Rheo-

286 1537 386 1608 cuporis
407 1536 584 1591 Aiexandriam
605 1535 733 1602 devectus,
754 1540 830 1607 etque
845 1536 897 1592 iilic
913 1535 1001 1608 fugem
1017 1540 1075 1592 ten-

240 1619 277 1676 68
286 1617 403 1679 tans,.en
419 1614 480 1668 ficto
498 1613 608 1678 crimine,
626 1613 784 1668 interficitur.
819 1613 871 1668 Per
886 1611 953 1668 idem
970 1620 1075 1685 tempus

286 1691 413 1757 Vonones,
424 1709 499 1763 quem
511 1693 622 1745 emotum
633 1690 661 1745 in
673 1690 786 1746 Ciliciam
792 1692 935 1758 memoravi,
946 1693 1075 1764 corruptis
1147 1697 1148 1710 ²

286 1768 434 1824 custodibus
457 1768 567 1839 effugere
590 1768 623 1822 ad
651 1768 793 1835 Armenios,
817 1769 876 1825 inde
904 1770 932 1825 in
960 1770 1075 1825 Albanos

286 1845 483 1916 Heniochosque
496 1850 522 1899 et
534 1846 748 1917 consanguineum
759 1846 808 1901 sibi
818 1865 904 1919 regem
921 1848 1075 1919 Scytharum

264 1926 392 1982 neomutus
413 1928 460 1977 eat.
497 1922 585 1993 Specie
603 1923 712 1978 venandi
730 1924 829 1979 omissis
851 1925 983 1980 maritimis
1001 1925 1075 1991 locis,

287 2001 344 2055 aria
366 2000 476 2055 saltuum
498 2001 578 2072 petiit,
598 2019 659 2057 mox
676 2002 826 2074 pernicitate
844 2004 904 2074 equi
922 2003 954 2058 ad
974 2022 1077 2060 amnem
1144 2061 1145 2064 ,

287 2080 422 2151 Pyramum
439 2078 576 2146 contendit,
592 2080 665 2151 cujus
680 2085 771 2152 pontes
787 2082 877 2137 accole
893 2089 1014 2154 ruperunt
1030 2100 1077 2137 au-

265 2156 342 2215 adita
352 2156 419 2229 regis
431 2156 507 2228 fuga:
525 2174 607 2227 neque
621 2157 686 2212 vado
702 2160 829 2229 penetrari
844 2164 952 2231 poterut.
987 2160 1078 2233 igitur

287 2235 314 2289 in
332 2234 388 2305 ripa
406 2232 517 2289 fluminis
535 2252 552 2289 a
572 2234 646 2290 Vibio
664 2234 793 2291 Frontone
815 2237 936 2308 prefecto
958 2238 1077 2309 equitum

247 2317 250 2325 '
287 2312 411 2367 vincitur:
429 2330 489 2367 mox
500 2312 632 2367 Remmius
645 2316 771 2379 evocatus,
784 2315 862 2385 priori
873 2315 994 2371 custodie
1005 2317 1078 2387 regis

262 2388 425 2459 4appositus‚
444 2388 516 2459 qnasi
531 2408 577 2460 per
591 2389 663 2456 iram,
682 2390 766 2461 gladio
782 2410 840 2446 eum
856 2392 982 2464 transigit.
997 2394 1079 2450 Unde

287 2466 367 2536 major
378 2465 440 2521 fides
456 2466 610 2523 conscientia
627 2466 728 2523 sceleris
740 2472 767 2523 et
781 2473 852 2524 metu
868 2469 955 2527 indicii
966 2475 1077 2527 mortem

288 2542 390 2597 Vononi
401 2542 503 2599 illatum.

242 2629 280 2685 69
322 2620 359 2673 At
376 2620 546 2685 Germanicus,
558 2620 673 2693 AEgypto
688 2638 809 2688 remeans,
824 2627 918 2679 cuncta
933 2642 990 2695 que
1007 2627 1077 2697 apud

288 2695 399 2767 legiones
420 2699 464 2750 aut
481 2696 557 2751 nrbes
572 2698 690 2767 jusserat,
709 2697 803 2753 abolita
819 2701 859 2755 vel
876 2701 902 2756 in
921 2704 1075 2759 contrarium

265 2792 361 2839 2versa
369 2773 507 2845 cognoscit.
542 2774 612 2829 Hinc
626 2792 715 2844 graves
727 2775 755 2829 in
769 2776 887 2832 Pisonem
902 2780 1079 2847 contumeiiae3

289 2870 336 2906 nec
347 2852 430 2905 miuus
442 2850 538 2915 acerba,
552 2870 607 2921 que
620 2851 652 2905 ab
667 2851 710 2906 illo
721 2852 748 2907 in
763 2853 886 2909 Cererem
901 2856 1076 2915 tentabuntur.

265 2928 357 2987 8Deiu
368 2928 428 2983 Piso
440 2928 508 2984 abire
521 2927 593 3001 Syria
605 2928 704 2984 statuit.
740 2930 804 2986 Mox
815 2931 920 2989 adversa
932 2934 1076 2994 Germanici
1140 2941 1142 2977 ¹
