2550 3500
183 446 203 482 A
221 444 239 481 l)
255 442 297 492 ω]
369 378 562 426 ANNALIUM
581 378 651 425 XIV.
669 378 770 425 29-82.
915 374 963 425 819

182 493 249 547 iuter
265 488 388 561 mancipia
407 488 572 544 habebantur.
608 487 668 547 Qua
682 485 840 551 contumelio,
855 487 882 540 et
893 486 988 539 metu4

181 569 331 640 graviorum,
347 566 448 638 quando
463 566 490 620 in
505 566 610 620 formam
625 564 759 635 provinciae
775 566 908 627 cesserant,
926 580 965 617 ra-

133 637 135 742 ,
181 646 256 716 piunt
270 663 356 709 arma;
379 642 509 697 commotis
524 641 556 696 ad
570 641 756 696 rebellationem
765 639 965 695 Trinobantibus

133 747 134 750 ¹
181 725 207 776 et
223 721 267 792 qui
280 720 330 785 alii,
344 718 456 773 nondum
473 718 576 774 servitio
589 718 671 783 fracti,
684 736 810 773 resumere
823 716 965 771 libertatem

133 850 134 857 ,
181 797 285 853 occultis
297 794 510 867 conjurationibus
526 794 681 866 pepigerant,
699 794 819 849 acenimo
833 794 859 848 iu
871 796 965 848 vetera·
989 840 991 847 .

133 859 137 962 1
180 891 227 928 nos
245 873 311 927 odio.
347 872 448 943 Quippe
470 871 498 926 in
515 871 637 925 coloniam
660 870 859 925 Camulodunum
879 882 990 927 recenso

181 949 284 1005 deducti
303 948 430 1019 pellebant
456 947 578 1012 domibus,
603 946 770 1001 exturbabant
794 946 868 1017 agris,
890 946 966 1017 capti-

181 1044 235 1091 vos,
260 1044 345 1080 servos
365 1025 518 1096 appellando,
541 1022 685 1079 foventibus
705 1024 877 1094 impotentiam
899 1027 967 1078 vete-

181 1120 301 1157 ranorum
322 1101 445 1157 militibus
474 1100 637 1157 similitudine
659 1100 718 1155 vitae
738 1103 764 1154 et
788 1118 832 1171 spe
855 1098 967 1171 ejusdem

183 1178 300 1234 licentia.
335 1178 442 1233 Adhuc
461 1178 583 1249 templum
600 1177 659 1232 divo
680 1176 784 1231 Claudio
802 1176 992 1235 constitutumo

182 1254 257 1325 quasi
279 1271 325 1307 arx
346 1257 447 1309 atemoe
466 1254 642 1309 dominationis
662 1252 844 1323 aspiciebatur:
869 1253 968 1308 delecti-

183 1348 234 1401 que
243 1328 387 1384 sacerdotes
399 1330 482 1402 specie
492 1330 620 1403 religionis
635 1348 722 1385 omnes
734 1329 848 1384 fortunas
861 1330 969 1385 effunde·

183 1410 253 1465 bant.
278 1409 335 1464 Nec
346 1408 453 1464 arduum
463 1410 595 1466 videbatur
606 1409 751 1465 exscindere
763 1409 883 1464 coloniam
894 1410 969 1463 nullis
979 1424 993 1475 7

186 1486 351 1542 munimentis
363 1489 467 1557 saeptam
475 1508 483 1553 ;
502 1486 569 1557 quod
584 1486 689 1541 ducibus
704 1486 797 1541 nostris
815 1504 903 1557 pamm
914 1505 970 1557 pro·

182 1564 268 1619 visum
284 1567 346 1627 erat,
359 1561 420 1617 dum
431 1563 569 1617 amoenitati
580 1563 650 1633 prius
668 1581 742 1633 quam
754 1562 812 1617 usui
823 1562 969 1617 consulitur.

184 1640 259 1696 Inter
279 1659 341 1713 qum,
362 1639 432 1694 nulle
450 1639 531 1710 palam
555 1657 637 1707 causa,
659 1639 786 1711 delapsum
805 1638 971 1693 Camuloduni
981 1642 1017 1695 32

184 1718 346 1774 simulacrum
353 1717 475 1774 Victoriae
490 1735 520 1772 ac
530 1720 599 1772 retro
613 1734 768 1782 conversum,
788 1716 860 1788 quasi
877 1715 971 1770 cederit

184 1795 319 1851 hostibus:
337 1799 364 1850 et
376 1794 476 1850 femina
486 1794 515 1849 in
525 1797 634 1849 furorem
648 1795 756 1849 turbatae
768 1793 855 1848 adesse
867 1793 970 1848 exitium

184 1871 315 1927 canebant.
351 1873 528 1942 externosque
544 1871 661 1926 fremitus
676 1871 703 1925 in
720 1871 789 1926 curia
806 1889 891 1925 eorum
904 1869 995 1931 audi-2

184 1950 227 2002 tos
235 1969 243 2012 ;
261 1950 421 2004 consonuisse
431 1947 569 2004 ululatibus
579 1948 714 2013 theatrum,
724 1947 852 2018 visamque
864 1947 969 2018 speciem

133 2060 134 2129 q
184 2022 214 2078 in
231 2024 348 2078 aestuario
365 2025 477 2082 ramese
492 2025 618 2081 subversa
631 2025 749 2092 colouiae3
771 2025 824 2096 jam
844 2026 972 2081 Oceanum

185 2108 293 2160 cruento
306 2109 418 2176 aspectu,
435 2107 561 2164 dilabente
575 2113 641 2164 aestu
656 2109 822 2162 humanorum
841 2125 973 2178 corporum

185 2179 282 2251 effigies
299 2181 407 2249 relictas,
427 2188 458 2239 ut
475 2185 593 2240 Britanni
610 2184 643 2240 ad
661 2203 737 2256 spem,
755 2184 792 2238 ita
811 2182 924 2239 veterani
942 2184 973 2238 ad

186 2261 284 2311 metum
297 2258 438 2315 trahebant.
475 2261 525 2316 Sed
544 2261 603 2332 quia
619 2261 709 2332 procul
725 2261 859 2315 Suetonius
878 2260 996 2328 aberat,3

185 2333 299 2404 petivere
322 2351 338 2387 a
358 2335 423 2390 (lato
442 2337 556 2392 Deciano
578 2341 740 2408 procuratore
761 2337 889 2392 auxilium.
925 2337 973 2392 llle

185 2409 256 2466 haud
272 2409 379 2481 amplius
394 2431 469 2483 quam
486 2414 608 2470 ducentos
625 2415 679 2470 sine
695 2415 771 2485 justis
793 2415 868 2469 armis
886 2413 955 2468 misit
964 2437 972 2481 ;
1024 2447 1027 2454 ·

186 2491 214 2543 et
222 2488 304 2542 inerat
315 2487 413 2544 modica
420 2490 528 2546 militum
539 2509 636 2546 manus.
672 2491 763 2546 'lbrtela
773 2491 861 2564 templi
871 2492 937 2558 freti,
947 2496 998 2546 eth

186 2564 382 2634 impedientibus
403 2567 446 2637 qui
469 2568 569 2634 occulti,
590 2569 731 2624 rebellionis
752 2569 851 2634 conscii,
872 2569 974 2624 consilia

186 2640 330 2709 turbabant,
338 2660 421 2713 neque
431 2643 525 2700 fossam
537 2649 582 2700 aut
592 2645 686 2700 vallum
697 2644 882 2716 praeduxerant,
891 2663 973 2716 neque

186 2718 263 2772 motis
283 2718 384 2773 senibus
402 2722 429 2775 et
445 2720 546 2776 feminis
560 2722 682 2793 juventus
704 2721 757 2777 sola
773 2721 883 2776 restitit:
902 2721 974 2792 quasi

187 2794 270 2850 media
282 2813 344 2867 pace
360 2796 464 2862 incauti,
481 2798 644 2853 multitudiue
660 2798 823 2853 barbarorum
840 2797 973 2852 circumve-

187 2871 300 2928 niuntur.
335 2873 372 2928 at
382 2877 468 2930 cetera
479 2874 579 2944 quidem
594 2875 692 2946 impetu
707 2874 806 2946 direpta
817 2877 862 2928 aut
873 2873 974 2928 incensa
982 2905 996 2950 5

189 2952 264 3024 sunt:
282 2951 412 3024 templum,
433 2952 461 3008 in
481 2969 532 3023 quo
551 2971 579 3008 se
594 2952 666 3008 miles
680 2951 880 3024 conglobaverat,
897 2948 974 3004 hiduo
