2550 3500
200 456 226 495 A.
236 454 261 495 D·
273 447 314 505 ξδ’]
402 392 598 441 ANNALIUM
617 392 661 441 IV.
678 394 781 442 48-51.
942 392 989 441 163

199 505 286 561 liberis
305 504 395 559 victori
413 505 536 577 permisit.
573 505 659 561 secuti
675 507 750 561 state
771 485 895 559 ant‘sern
911 502 1012 558 imbe-2

200 582 257 648 oilli,
278 594 304 637 et
328 582 419 652 quibus
436 583 518 654 major
534 583 594 637 ritae
612 601 687 653 quam
706 582 793 653 gloriae
816 581 914 652 cupido.
951 582 988 635 At

198 660 319 732 juventus
331 660 434 713 Tarsam
446 660 514 717 inter
525 664 551 713 et
560 660 676 714 Turesim
687 659 881 715 distrahebatur.
917 658 1012 713 Utri-s

199 754 249 808 que
273 736 428 791 destinatum
452 754 511 791 cum
538 736 656 792 libertate
684 736 812 791 occidam:
843 735 888 791 sed
910 736 990 790 Tarsa

198 832 336 886 properum
356 814 440 879 finem,
459 813 643 885 abrumpendas
663 814 758 885 pariter
775 832 833 885 spes
854 832 884 868 ac
904 817 990 867 metus

199 892 340 956 clamitans,
365 890 435 945 dedit
459 892 600 963 exemplum
626 891 735 947 demisso
755 892 783 945 iu
802 895 892 962 pectus
912 891 988 945 ierro.

199 970 256 1025 Neo
269 968 372 1023 defuere
385 969 429 1039 qui
441 968 527 1023 eodem
540 968 615 1024 modo
629 973 786 1040 oppeterent.
822 969 925 1025 Turesis
943 974 1012 1023 suat

199 1065 257 1101 cum
269 1064 347 1100 manu
358 1049 459 1101 noctem
475 1047 613 1117 opperitur,
625 1046 695 1101 hand
710 1048 796 1101 nescio
812 1046 877 1102 duce
891 1050 988 1101 nostro.

199 1122 289 1195 Igitur
311 1123 417 1178 firmatas
441 1124 563 1178 stationes
587 1123 746 1179 densioribus
769 1122 858 1195 globis.
894 1123 930 1178 Et
952 1123 1013 1177 ind

200 1200 310 1272 gruebat
322 1216 374 1255 nox
389 1200 473 1255 nimbo
490 1204 581 1266 atrox3
598 1201 738 1271 hostisque,
755 1200 863 1255 clamore
878 1200 989 1266 turbido,

199 1277 276 1333 modo
298 1296 344 1349 per
363 1282 464 1332 vastum
484 1277 620 1343 silentium,
639 1279 750 1333 incertos
769 1277 914 1333 obsessores
933 1278 991 1332 elie-

198 1358 279 1419 cerat,
298 1372 357 1409 cum
376 1354 483 1409 Sabinus
501 1354 641 1419 circumire,
659 1355 757 1409 hortari
774 1372 807 1409 ne
825 1355 857 1409 ad
872 1354 992 1425 ambigna

199 1430 301 1487 sonitus
320 1434 365 1485 aut
384 1430 571 1486 simulationem
589 1432 683 1503 quietis
702 1450 789 1486 casum
812 1431 991 1486 insidiantibus

200 1509 336 1579 aperirent,
362 1507 407 1563 sed
430 1526 477 1563 sua
501 1508 607 1580 quisque
629 1508 718 1563 munia
739 1512 870 1563 servarent
892 1507 992 1562 immoti

199 1586 310 1656 telisque
322 1602 374 1639 uon
384 1584 514 1640 infulsum
530 1586 613 1657 jactis.
649 1585 753 1639 Interea
768 1585 869 1640 barbari
884 1582 1035 1639 catervisbl

199 1663 366 1718 decurrentes
384 1680 453 1717 nunc
473 1662 500 1717 in
519 1662 613 1717 vallum
633 1662 759 1716 manualia
779 1680 847 1728 saxa,
868 1666 992 1733 praeustas

200 1740 286 1806 sudes,
299 1739 384 1796 decisa
394 1739 485 1796 robora
494 1740 584 1812 jacere,
594 1757 663 1796 nunc
673 1740 791 1813 virgultis
803 1744 830 1796 et
842 1740 954 1796 cratibus
965 1743 992 1796 et

200 1817 350 1889 corporibus
363 1817 484 1872 exanimis
499 1817 626 1889 complere
642 1818 731 1883 fossas,
744 1817 846 1889 qnidam
861 1822 952 1890 pontes
965 1821 992 1872 et

200 1895 282 1949 scalas
295 1898 354 1948 ante
366 1893 482 1949 fabricati
496 1895 589 1950 inferre
604 1895 807 1966 propugnaculis,
821 1913 902 1964 eaque
918 1913 992 1966 pren-

199 1989 266 2036 sare,
280 1970 420 2036 detrahere,
434 1975 461 2026 et
473 1971 606 2026 adversum
617 1973 765 2028 resistentes
783 1973 923 2027 comminus
935 1972 991 2026 niti.

199 2048 280 2103 Miles
292 2051 381 2102 eontra
393 2045 527 2103 deturbare
539 2048 604 2114 telis,
615 2049 708 2120 pellere
717 2049 876 2114 umbonibus,
887 2049 1016 2103 muralia2

199 2125 261 2197 pile,
279 2129 415 2196 congestas
433 2125 545 2196 lapidum
560 2125 638 2180 moles
656 2127 810 2197 provolvere.
845 2126 895 2181 His
913 2129 993 2196 parta

200 2202 316 2258 victorias
328 2217 386 2274 spes
398 2205 432 2268 ct,
445 2203 467 2258 si
479 2202 577 2268 cedant,
590 2201 736 2274 insignitius
747 2203 880 2276 flagitium,
892 2203 942 2257 illis
952 2221 995 2256 ex-

201 2283 287 2334 trema
294 2279 347 2350 jam
359 2279 435 2345 selus,
449 2283 475 2334 et
488 2280 635 2335 assistentes
649 2281 776 2352 plerisque
787 2287 881 2336 matres
897 2283 924 2334 et
935 2297 994 2335 eon-

198 2357 285 2429 juges‚
297 2373 434 2428 earumque
445 2356 562 2423 lamenta,
575 2357 672 2412 addunt
688 2358 791 2412 animos.
828 2352 889 2412 Nox
900 2357 955 2411 aliis
966 2357 1015 2412 inu

201 2433 342 2498 audaciam,
355 2433 410 2488 aliis
427 2433 459 2488 ad
472 2434 631 2489 formidinem
645 2439 796 2506 opportuna,
810 2434 901 2490 incerti
918 2435 992 2501 ictus,

201 2511 310 2567 vulnera
325 2511 467 2582 improvisa,
485 2529 588 2567 suorum
603 2516 679 2582 atque
690 2513 802 2567 hostiurn
817 2512 950 2584 ignoratio,
966 2517 993 2567 et

201 2587 299 2644 montis
315 2589 441 2644 miractu
455 2607 609 2660 repercussae
625 2589 696 2644 velut
712 2607 728 2644 a
744 2593 817 2662 tergo
835 2609 917 2656 voces,
930 2589 993 2645 adeo

200 2669 298 2721 cuncta
308 2665 470 2731 miscuerant,
480 2671 510 2721 nt
518 2665 632 2738 quadam
640 2667 797 2722 munimenta
804 2667 914 2722 Romani
922 2666 994 2738 quasi

202 2745 328 2815 perrupta
350 2743 489 2798 omiserint.
529 2743 621 2814 Neque
644 2748 731 2799 tamen
752 2763 885 2816 pervasere
907 2744 1017 2797 hostes4

202 2819 254 2875 nisi
278 2819 414 2875 admodum
437 2820 527 2892 pauci:
557 2824 663 2887 ceteros
685 2821 783 2893 dejecto
806 2819 994 2892 promptissimo

203 2914 307 2969 quoque
319 2902 364 2952 aut
376 2897 470 2963 saucio,
481 2901 615 2969 appetente
624 2898 679 2970 jam
687 2899 744 2954 luce
752 2903 851 2953 trusere
862 2898 889 2952 in
898 2912 996 2950 summa

204 2973 312 3042 castelli,
325 2975 370 3032 nbi
380 2973 484 3032 tandem
496 2979 583 3031 coacta
594 2975 697 3031 deditio.
732 2976 769 3031 ut
780 2974 894 3046 proxima
905 2974 1017 3042 sponteo
