2550 3500
295 390 341 439 106
628 388 748 437 uncrrl

919 450 957 500 [n.
967 450 994 490 u.
1003 452 1026 491 o.
1034 442 1081 485 m.

293 503 360 565 rent,
385 500 458 570 eujus
487 503 596 555 eeneotae
619 505 697 571 atque
719 500 824 555 orbitati
847 503 874 554 et
897 499 1084 559 ohooorieeimae

293 577 379 633 domui
396 576 522 631 destinata
539 577 664 647 quondam
678 596 743 632 uxor
754 577 786 633 Ia
796 576 891 632 Cesari
906 594 936 631 ao
953 578 1011 633 divo
1027 580 1085 633 Au-

269 658 370 727 agusto
378 672 457 707 nurus
470 652 613 709 dederetur.
650 654 718 710 Dein
729 655 863 711 tormentis
872 671 1002 709 servorum
1013 660 1084 725 pate

293 733 361 787 iacta
389 734 449 785 sunt
476 731 579 801 flagitia,
604 731 719 802 itumque
746 732 774 787 in
797 731 948 787 senteutiam
978 731 1083 795 Rubelli

268 806 391 871 aBlaudi,
405 824 420 861 a
438 825 487 877 quo
505 826 570 878 aqua
587 812 664 879 atque
681 808 735 879 igni
752 808 891 863 aroebatur.
927 807 997 863 Huio
1015 808 1085 861 Dru·

293 902 337 939 eus
355 884 470 949 assensit,
489 902 631 955 quanquam
648 885 691 940 alii
707 885 795 940 mitius
812 884 977 939 oensuiaaeut.
1019 884 1084 939 Mox

294 962 398 1025 Scauro,
412 961 455 1032 qui
467 960 542 1015 liliam
554 980 587 1016 ex
598 980 628 1017 ea
639 967 770 1031 genuerat,
781 961 869 1015 datum
881 979 914 1015 no
925 961 992 1016 bona
1001 961 1086 1032 publi-

268 1044 418 1093 aoarentur.
454 1038 519 1092 'lum
542 1037 643 1093 demum
667 1038 766 1109 aperuit
784 1038 908 1103 liberius,
926 1044 1086 1108 compertum

294 1114 342 1170 eibi
359 1114 435 1169 etiam
453 1132 487 1169 ex
502 1115 532 1170 P.
543 1115 648 1175 Quirini
665 1116 745 1171 servia
764 1133 860 1170 veneno
877 1134 937 1169 eum
953 1133 970 1169 a
986 1114 1086 1187 Lepida

294 1192 414 1264 petitum.

247 1282 286 1334 24
329 1270 470 1326 Illustriurn
492 1270 613 1325 domuum
637 1270 742 1326 adversa
762 1271 870 1341 (etenim
889 1269 957 1325 haud
976 1270 1086 1325 multum

294 1348 400 1404 distanti
418 1352 532 1419 tempore
553 1348 685 1419 Calpurnii
702 1349 829 1415 Pisonem,
847 1348 945 1403 AEnrilii
961 1347 1086 1419 Lepidam

294 1425 452 1494 amiserant)
465 1425 555 1479 solatio
567 1426 651 1480 affeoit
663 1426 696 1480 D.
707 1426 814 1491 Silanun,
822 1425 907 1479 Juniae
918 1425 1018 1479 familie
1029 1424 1086 1479 red·

271 1502 371 1560 aditus,
408 1502 502 1557 Casum
524 1502 579 1573 ejus
597 1503 686 1573 paucis
706 1508 827 1574 repetam.
867 1502 907 1556 Ut
922 1501 1007 1556 ualida
1026 1500 1086 1555 divo

294 1580 413 1649 Augusto
425 1580 452 1633 in
463 1598 516 1633 rom
528 1578 655 1649 publicam
669 1580 779 1646 fortuna,
791 1580 829 1634 ita
845 1578 913 1633 domi
928 1578 1086 1649 improspera

294 1656 344 1710 fuit
358 1656 390 1711 ob
406 1655 588 1727 impudicitiam
605 1656 663 1711 filie
675 1674 704 1711 eo
721 1657 812 1727 neptis,
826 1674 889 1727 quas
905 1655 968 1710 urbe
979 1655 1085 1726 depulit,

271 1744 286 1790 8
296 1732 473 1804 adulterosque
485 1752 570 1789 earum
582 1738 665 1789 morte
676 1738 721 1789 aut
732 1734 795 1806 fuga
810 1733 917 1805 punivit.
954 1732 1022 1788 Nam
1034 1732 1087 1788 oul-

297 1829 355 1882 pam
378 1811 445 1865 inter
464 1811 531 1865 viros
556 1829 585 1865 ao
608 1810 714 1866 feminas
738 1812 867 1882 vulgatam
891 1810 963 1881 gravi
985 1810 1087 1864 nomine
1141 1840 1142 1843 =

295 1888 411 1943 lasarum
434 1887 585 1959 religionum
603 1905 633 1942 ao
653 1888 754 1944 violata
770 1888 911 1958 majaatatie
929 1887 1086 1958 appellando,
1141 1900 1142 1921 ¹

295 1964 453 2019 clementiam
473 1965 597 2035 majorum
615 1984 724 2036 suasque
741 1966 796 2036 ipse
813 1965 882 2036 leges
900 1964 1086 2037 egrediebatur.

271 2041 347 2098 *Sed
359 2041 464 2096 aliorum
475 2043 566 2109 exitus,
577 2043 653 2096 simul
663 2048 749 2098 oetera
756 2042 824 2097 illim
832 2042 923 2107 aetatis,
934 2040 1086 2106 memorabo,

297 2121 319 2176 ei
336 2121 431 2176 effectis
449 2120 477 2174 in
494 2139 549 2191 quoa
568 2120 674 2186 tetendi,
689 2121 774 2192 plures
794 2120 825 2175 ad
842 2139 916 2175 aurae
933 2120 1012 2174 vitain
1030 2138 1088 2190 pro·

272 2197 401 2257 5duxero.
446 2197 479 2252 D.
493 2197 600 2263 Silanus,
619 2198 647 2252 in
663 2198 735 2269 nepti
751 2198 865 2269 Augusti
881 2197 988 2261 adulter,
1010 2215 1088 2267 quan·

297 2293 371 2347 quam
384 2275 509 2330 nonultra
520 2275 586 2330 foret
598 2276 714 2330 saevitum
728 2294 804 2346 quam
815 2281 845 2330 ut
857 2275 969 2329 amioitiu
980 2274 1087 2330 Caeeurie

296 2353 478 2424 prohiberetur,
496 2353 613 2408 exsilium
630 2353 679 2408 eibi
696 2352 863 2407 demonstrari
876 2352 1021 2416 intellexit;
1039 2370 1088 2407 neo

297 2431 346 2486 nisi
353 2431 453 2487 'liberio
464 2431 625 2502 imperitante
637 2431 767 2502 deprecari
778 2436 895 2486 uenatum
906 2449 936 2486 ao
947 2429 1088 2501 prinoipem

297 2525 374 2563 ausus
391 2513 431 2563 est
448 2509 486 2563 M.
501 2508 579 2564 Silani
596 2509 682 2563 fratria
699 2508 820 2579 potentia,
839 2509 883 2578 qui
900 2526 945 2578 per
962 2507 1088 2577 insignem

273 2585 453 2644 onobilitatem
469 2591 496 2640 ot
512 2585 681 2656 eloquentiam
698 2584 866 2655 precellebat.
904 2583 954 2638 Sed
970 2583 1088 2638 Tiberim

298 2667 383 2733 gretes
411 2661 497 2733 egenti
520 2662 612 2727 Silano,
637 2661 751 2732 patribus
781 2679 872 2726 eoram,
897 2660 1036 2731 respondit,
1060 2679 1089 2716 so

298 2757 398 2810 quoque
410 2738 489 2792 laetari
501 2736 568 2808 quod
585 2739 665 2793 irater
675 2738 730 2809 ejus
743 2756 759 2792 e
774 2738 976 2809 peregrinatione
991 2737 1089 2807 longin-

298 2835 349 2888 qua
366 2815 528 2881 revertisset;
546 2814 622 2885 idque
638 2816 697 2885 jure
713 2815 820 2880 licitum,
839 2815 967 2886 quianon
984 2820 1088 2868 senatus

276 2893 423 2961 poonsulto,
435 2909 487 2946 non
503 2892 559 2964 lege
577 2891 666 2962 puleue
683 2892 757 2946 toret.
793 2892 847 2947 Sibi
866 2898 950 2946 tamen
967 2890 1089 2946 adversus
1139 2942 1140 2969 ,

300 2989 359 3027 eum
381 2971 494 3042 integras
517 2967 628 3041 parentis
652 2969 694 3025 eui
716 2969 875 3034 offensiones,
896 2985 979 3039 neque
1003 2967 1089 3024 reditu
