2550 3500
277 360 309 407 so
616 359 737 408 TnclTI

914 421 1075 468 muem.

254 473 342 525 ssent.
378 469 479 526 Oaeoine
496 468 556 524 dum
572 473 700 525 sustentet
716 471 802 536 aoiem,
818 470 929 526 suffosso
946 491 1013 543 equo
1029 472 1076 526 de·

277 547 362 618 lapsus
379 548 628 613 circumveniebatur,
641 548 756 619 niprime
764 549 830 620 legio
838 567 894 604 sese
902 550 1074 620 opposuisset.

253 627 350 680 9Juvit
358 627 467 680 hostium
478 626 592 691 aviditas,
601 627 695 681 omissa
703 627 770 681 coede
781 626 891 698 predam
903 627 1074 693 sectantium

278 703 402 774 enisaeque
414 704 524 775 legiones
538 710 727 774 vesperascente
739 704 780 758 die
795 705 823 758 in
838 709 926 774 aperte
941 710 968 759 et
984 705 1074 760 solida.

240 781 369 852 loNeque
384 782 407 836 is
422 782 577 836 miseriarum
596 783 662 836 finis.
699 782 853 837 Struendum
868 782 968 847 vallum,
986 790 1075 854 peten-

277 858 325 912 dus
343 878 421 930 agger
431 880 438 925 ;
465 860 556 915 amisse
573 879 665 932 magne
683 879 715 916 ex
731 865 804 932 parte
821 879 868 932 per
884 880 941 931 qnae
959 861 1075 932 egeritur

277 936 369 992 humus
390 942 435 992 sut
456 938 582 993 exciditur
601 957 711 1010 caespes3
732 957 784 993 non
800 939 911 993 tentoria
928 939 1073 1010 manipulis,

276 1033 328 1068 non
345 1015 458 1070 fomente
475 1017 581 1071 sauciis:
606 1017 714 1072 infectos
735 1035 805 1072 ceno
826 1021 871 1071 aut
891 1035 981 1072 cruore
1001 1017 1073 1072 cibos

277 1090 425 1160 dividentes,
443 1093 557 1149 funestas
575 1094 693 1149 tenebras
710 1098 737 1149 et
754 1099 795 1149 tot
808 1094 943 1167 vhominum
959 1095 1073 1150 millibus

277 1187 356 1223 unum
366 1169 418 1240 jum
430 1170 554 1242 reliquum
566 1171 632 1226 diem
644 1172 854 1227 lamentabantur.

232 1253 270 1308 66
313 1247 390 1303 Forte
402 1267 491 1319 equus,
509 1249 623 1320 abruptis
635 1251 742 1305 vinculis
754 1268 834 1321 vagus
850 1254 877 1305 ct
894 1251 1002 1305 clamore
1018 1253 1070 1305 ter·

255 1325 351 1390 oritus,
365 1327 485 1398 quosdam
507 1328 694 1383 occurrentium
717 1328 870 1384 obturbavit.
906 1329 989 1383 Tanta
1011 1329 1072 1383 inde

279 1405 449 1459 consternatio
467 1405 588 1476 irrupisse
606 1408 743 1460 Germanos
758 1406 922 1471 credentium,
938 1413 968 1460 ut
984 1407 1072 1462 cuncti
1136 1436 1138 1445 =

279 1485 382 1536 ruerent
404 1481 436 1536 ad
452 1487 555 1553 portes3
575 1502 682 1554 quarum
698 1483 828 1538 decimans
844 1485 952 1538 maxime
967 1484 1071 1554 peteba-

255 1563 328 1634 3tur,
340 1577 428 1614 averso
434 1561 502 1615 hosti
511 1565 537 1616 et
544 1561 702 1632 fugientibus
709 1562 797 1616 tutior.
824 1562 931 1627 Coeoine,
941 1566 1071 1632 comperto

278 1655 368 1691 vanem
385 1656 441 1692 esse
458 1637 625 1703 formidinem,
643 1657 701 1692 cum
718 1642 804 1693 tamen
820 1658 901 1710 neque
919 1639 1071 1694 auctoritate

277 1733 360 1786 neque
377 1715 501 1787 precibus,
514 1734 547 1771 ne
558 1734 635 1771 mauu
644 1715 746 1787 quidem
757 1716 881 1772 obsistere
897 1722 942 1772 sut
960 1717 1071 1773 retinere

277 1796 383 1851 militem
402 1795 493 1866 quiret,
512 1794 641 1865 projectus
661 1794 689 1848 in
707 1794 792 1849 limine
809 1799 890 1865 ports
910 1795 1071 1851 miseratione

278 1874 386 1939 demum,
397 1873 456 1943 quis
463 1891 509 1943 per
517 1890 609 1943 corpus
618 1871 696 1943 legati
704 1872 815 1927 eundum
824 1876 886 1938 erat,
897 1872 987 1928 clausit
996 1873 1072 1928 viam.

175 1947 178 1955 '
279 1952 359 2007 Simul
370 1951 466 2007 tribuni
475 1954 501 2006 et
510 1950 670 2007 centuriones
682 1950 774 2005 fulsum
786 1969 904 2022 pavorem
913 1969 968 2007 esse
980 1951 1070 2007 docue-

277 2034 346 2085 runt.

232 2112 268 2168 67
312 2110 385 2163 Tunc
397 2110 539 2163 contractos
551 2106 579 2161 in
590 2105 720 2179 principie⁴
730 2106 866 2177 jussosque
882 2105 951 2162 dicta
966 2125 1023 2161 eum
1038 2108 1071 2162 si·

277 2186 356 2241 lentio
369 2186 488 2257 accipere,
503 2185 625 2256 temporis
637 2203 667 2240 ac
682 2184 841 2239 necessitatis
852 2189 947 2240 monet.
983 2186 1070 2240 Unam

277 2264 305 2320 in
326 2264 401 2319 armis
417 2264 533 2331 sulutem,
549 2262 594 2318 sod
608 2281 638 2317 ea
654 2262 758 2317 consilio
778 2262 949 2333 temperanda,
969 2282 1070 2318 manen·
1098 2304 1104 2318 .

278 2342 388 2413 dumque
411 2342 479 2397 intre
501 2341 595 2397 vallum
619 2340 699 2396 donce
722 2340 885 2412 expugnandi
911 2341 998 2395 hostes
1024 2361 1069 2413 spe

277 2420 382 2493 propius
402 2419 582 2484 succederent3
601 2438 661 2475 mox
679 2418 791 2489 undique
811 2418 1009 2491 erumpendum
1027 2419 1070 2474 ilie

254 2498 412 2569 2eruptione
435 2497 468 2553 ad
490 2498 609 2553 Rhenum
632 2497 766 2569 perveniri.
817 2496 917 2556 Quodsi
943 2495 1069 2567 fugerent,

277 2577 363 2648 plures
382 2575 465 2641 silvas,
487 2574 625 2647 profundus
645 2574 726 2645 magis
743 2573 855 2645 paludes,
873 2573 996 2629 sevitiam
1012 2573 1069 2628 hos·
1136 2647 1137 2652 Ἰ

255 2655 343 2710 stium
367 2672 513 2727 superesse:
532 2656 559 2707 st
582 2650 721 2707 victoribus
745 2651 830 2717 decus,
854 2650 967 2723 glorium.
1004 2650 1069 2710 Quae

278 2732 346 2787 domi
366 2750 431 2797 ocra,
453 2749 509 2803 quse
529 2730 556 2784 in
575 2729 665 2784 eastris
678 2728 792 2794 honeste,
809 2733 948 2784 memoret:
966 2728 1068 2790 reticuit
1136 2781 1137 2788 ,

255 2809 310 2865 ede
333 2809 453 2865 adversis.
489 2808 577 2877 Equos
596 2806 695 2871 dehinc,
716 2824 790 2861 orsus
811 2807 905 2872 esuis,
927 2806 1068 2878 legatorum

277 2888 488 2957 tribunommque
505 2884 575 2939 nuile
592 2883 729 2938 ambitione
746 2883 886 2938 fortissimo
905 2884 997 2955 cuique
1017 2884 1069 2940 bel-

277 2966 353 3023 latori
364 2965 450 3035 tredit,
461 2967 492 3020 ut
504 2962 539 3032 hi,
551 2980 610 3017 mox
621 2960 707 3034 pedes,
719 2962 747 3017 in
757 2962 858 3017 hostem
869 2962 1024 3018 invaderent.
