2550 3500
298 389 330 437 66
632 386 754 436 Thcl'll

935 447 970 497 [A.
978 447 1005 487 u.
1012 448 1035 486 o.
1044 446 1089 488 ree

299 501 362 556 tetis
374 500 434 555 Piso
443 500 603 588 preceperat,
611 499 675 555 nihil
687 499 749 554 satis
755 497 854 553 illustre
866 499 951 552 enter
961 497 1088 569 dignitate

300 577 385 648 populi
399 576 545 631 Romani
520 576 570 630 mei
585 593 669 631 corum
681 581 708 631 et
722 575 770 631 sub
781 575 861 630 oculis
877 575 992 639 cesaris,
1005 592 1088 661 eoque

301 657 409 709 convent
397 653 489 707 ttumI
490 653 544 708 alie
556 655 582 708 ct
591 653 720 708 affluentes
732 653 873 724 provincias
881 652 1052 723 presentia
1029 670 1088 722 eJus

277 730 424 785 sservauda
447 729 553 784 dicebat.
593 729 721 785 Audiente
743 731 797 785 bec
820 729 922 786 Tiberio
945 747 975 785 ac
997 729 1089 784 silente

297 806 398 878 mugnis
416 807 544 878 utrimque
562 806 765 862 contentionibus
783 811 855 862 acta:
875 806 920 862 sed
937 825 978 861 res
996 805 1089 861 dilatae.

255 877 337 938 eom
360 887 488 938 certamen
512 883 585 938 Gallo
609 883 730 939 adversus
751 885 877 939 cesarem
899 887 1018 938 ιιιοιιιιιιι
1039 887 1090 939 est.

302 959 371 1016 Nam
389 960 488 1016 censuit
508 960 536 1016 in
556 959 755 1032 quinquennium
773 961 969 1048 magistratuum
988 959 1092 1016 comitia

302 1035 423 1102 habenda,
432 1043 511 1108 utque
525 1037 653 1108 legionum
670 1037 755 1108 legati,
773 1037 817 1107 qui
834 1042 893 1092 ante
908 1041 1044 1108 praeturam
1060 1054 1093 1092 ea

303 1113 394 1168 militia
410 1113 588 1185 fungebantur,
603 1113 656 1186 jam
674 1119 730 1168 tum
745 1118 867 1185 pretores
885 1113 1090 1180 destinarentur3

304 1190 419 1262 princeps
434 1189 566 1246 duodecim
582 1190 728 1246 candidatos
743 1191 771 1245 in
789 1209 868 1246 annos
883 1191 996 1263 singulos
1012 1191 1093 1246 nomi-

281 1271 384 1328 onaret.
420 1267 499 1322 Haud
511 1267 615 1323 dubium
633 1271 688 1322 erat
699 1285 755 1322 eam
766 1268 917 1322 sententium
929 1267 1005 1323 altius
1016 1286 1093 1339 pene·

304 1348 380 1410 trare,
393 1347 420 1399 et
432 1362 522 1400 arcuna
535 1345 633 1416 imperii
650 1345 752 1400 tentari
787 1345 902 1400 liberius
913 1348 1006 1410 tamen,
1019 1344 1096 1416 quasi

305 1425 441 1492 augeretur
455 1425 569 1492 potestas
587 1421 651 1494 ejus,
671 1421 805 1477 disseruit:
825 1422 908 1478 Grave
926 1421 1095 1478 moderationi

282 1503 359 1553 tsuae
375 1502 416 1553 tot
432 1498 531 1570 eligere,
549 1503 589 1554 tot
607 1499 715 1554 differre.
750 1499 803 1554 Vix
812 1517 857 1570 per
872 1497 986 1571 singulos
1010 1517 1092 1554 annos

306 1575 455 1630 offensiones
467 1575 550 1640 vitari,
564 1576 678 1647 quemvis
692 1575 819 1647 repulsam
832 1576 974 1647 propinqua
984 1594 1042 1647 spes
1053 1594 1095 1631 so-

306 1651 390 1708 letur:
409 1655 532 1724 quantum
544 1651 597 1706 odii
607 1652 662 1708 lore
673 1652 706 1708 ab
717 1653 748 1708 iis
760 1653 805 1723 qui
815 1652 884 1707 ultra
894 1653 1095 1724 quinquennium

282 1729 478 1801 lprojiciantur.
516 1729 593 1785 Unde
615 1729 725 1801 prospici
747 1749 829 1801 posse,
851 1749 908 1803 quac
930 1729 1022 1802 cuique
1039 1734 1096 1787 tam

306 1806 383 1879 longo
394 1806 515 1895 temporis
527 1812 584 1877 spat
572 1806 609 1861 tio
620 1825 699 1872 mens,
712 1806 809 1874 domus,
817 1808 940 1863 fortunat
958 1807 1097 1879 Superbire

307 1882 464 1938 hominest
431 1902 445 1938 e
445 1888 507 1937 tuam
519 1902 602 1939 annua
613 1883 802 1955 designatione.
822 1884 883 1956 quid
891 1885 1040 1940 sihonorem
1049 1903 1097 1974 per

284 1960 507 2031 iquinquennium
524 1961 642 2032 agitent?
668 1961 873 2053 Quinquiplioari
885 1979 988 2033 prorsus
1004 1962 1097 2033 mugis-

309 2042 400 2103 tretus,
415 2036 527 2093 subverti
543 2038 620 2110 leges,
634 2056 691 2109 que
702 2056 749 2094 sua
759 2039 841 2110 spatia
856 2030 1002 2094 exercende
1012 2039 1098 2094 candi·

310 2080 426 2169 dstordm
434 2114 542 2169 indust'
509 2118 565 2170 trra
572 2114 815 2186 querentisqueaut
823 2107 952 2187 potiundis
958 2115 1099 2173 honoribus

262 2192 334 2253 87st
336 2191 454 2247 s.tuerint
473 2191 1098 2282 Favorsbiliinspeciemorationevimimperiite·

308 2269 380 2337 nuit;
398 2287 538 2341 censusque
546 2270 703 2342 quorundam
710 2275 853 2326 senatorum
859 2271 939 2342 Juvut.
958 2271 1100 2343 quomagis

308 2346 401 2401 mirum
416 2347 467 2403 luit
478 2346 547 2419 quod
562 2366 649 2419 preces
665 2348 748 2403 Marci
764 2348 874 2413 Hortali
886 2348 977 2403 nobilis
987 2349 1098 2421 juvenis,

285 2422 337 2482 2in
357 2428 506 2495 paupertate
523 2425 658 2480 manifesta
674 2424 807 2495 superbius
828 2425 973 2495 accepisset.
1008 2425 1100 2497 Nepos

245 2502 249 2515 ⁶
310 2507 365 2557 erat
377 2504 484 2559 oratoris
496 2504 636 2569 Hortensii,
649 2503 749 2558 illectus
761 2522 777 2557 a
788 2502 846 2558 divo
857 2505 976 2575 Augusto
991 2503 1100 2559 liberali·

311 2583 365 2634 tate
383 2579 466 2635 decies
484 2580 596 2635 sestertii
613 2580 705 2636 ducere
722 2598 834 2645 uxorem,
853 2581 980 2652 suscipere
996 2581 1101 2648 liberos,

287 2673 343 2720 ane
361 2656 499 2711 clarissima
515 2658 610 2712 familis
626 2657 840 2729 exstingueretur.
876 2659 961 2730 Igitur
978 2662 1103 2729 quattuor

311 2734 370 2789 liliis
382 2737 441 2788 ante
455 2734 532 2789 limen
547 2734 623 2789 curie
640 2733 806 2800 adstantibus,
819 2735 874 2791 loco
889 2736 1029 2800 sententia,
1042 2754 1104 2791 cum

312 2810 340 2866 ιιι
363 2810 462 2865 Palatio
485 2815 588 2865 senatus
612 2810 755 2876 haberetur,
778 2812 854 2867 modo
876 2812 1011 2868 Hortensii
1033 2812 1104 2868 inter
1133 2867 1134 2870 ,

312 2891 425 2943 oratores
447 2886 522 2942 eitam
545 2887 688 2959 imaginem,
709 2888 784 2943 modo
804 2889 917 2960 Augusti
936 2890 1047 2954 intuens,
1069 2890 1105 2945 ad

288 2964 380 3022 lbuuc
391 2964 494 3021 modum
506 2964 582 3037 coepit
591 2969 651 3020 :···“
659 2965 750 3021 Patres
761 2966 905 3036 conscripti,
922 2966 976 3031 hos,
993 2985 1104 3038 quorum
