2550 3500
214 480 233 517 Α
250 478 269 517 D
285 478 326 527 26]
414 416 609 463 ANNALIUM
628 416 672 463 IV.
685 418 788 463 55-58.
960 415 1004 463 167

248 529 323 582 Inter
342 546 398 596 quae
416 528 460 581 diu
478 528 601 583 meditato
615 528 764 599 prolatoque
782 526 874 596 saepins
890 526 1048 591 consili0,57

213 605 318 659 tandem
332 605 416 659 Caesar
427 606 456 659 in
473 604 643 676 Campaniam,
663 606 746 675 specie
763 603 895 658 dedicandi
910 604 1006 673 templa

213 684 283 755 apud
304 684 417 755 Capuam
432 684 499 749 Jovi,
519 684 587 755 apud
606 684 698 738 Nolam
714 685 842 754 Augusto,
853 682 903 737 sed
919 687 1005 737 certus

213 761 303 833 procul
326 761 389 815 urbe
413 760 511 833 degere.
561 762 670 815 Causam
694 761 824 815 abscessus
853 770 1028 831 quanquam,2

128 830 130 849 '
213 844 319 893 secutus
339 838 461 909 plurimos
484 842 623 903 anctorum,
646 838 678 892 ad
700 839 785 909 Sejani
808 841 875 892 arbes
898 838 1004 902 rettuli3

213 916 275 986 quia
294 920 387 980 tamen,
404 914 471 970 caede
489 916 545 985 ejus
561 920 670 986 patrata,
690 934 735 969 sex
745 920 840 986 ‚postea
856 933 935 969 annos
950 914 1007 985 pari

212 996 313 1046 secreto
326 992 466 1061 conjunxit,
479 992 628 1065 plerumque
640 1010 788 1063 permoveor
799 1012 860 1047 num
873 992 905 1045 ad
921 992 1006 1063 ipsum

212 1069 304 1123 referri
315 1069 400 1123 verius
413 1070 455 1134 sit,
469 1070 592 1125 saevitiam
604 1088 633 1124 ac
645 1069 781 1134 libidinem,
795 1088 853 1123 cum
864 1069 939 1123 iactis
948 1087 1007 1140 pro-

212 1150 302 1211 meret,
328 1146 389 1201 locis
414 1146 591 1201 occultantem.
638 1147 720 1201 Erant
750 1147 795 1217 qni
824 1146 956 1201 crederent
979 1148 1028 1202 int

211 1226 347 1279 senectute
371 1224 484 1293 corporis
515 1242 615 1294 quoque
644 1223 759 1279 habitum
788 1223 882 1294 pudori
909 1224 1004 1278 fuisse:

212 1302 309 1373 quippe
332 1302 369 1355 illi
392 1303 547 1373 praegracilis
571 1307 598 1356 et
623 1303 730 1357 incurva
753 1303 898 1372 proceritas,
921 1303 1006 1357 nudus

212 1378 305 1449 capillo
318 1383 413 1443 vertes,
427 1380 541 1434 ulcerosa
558 1380 635 1434 facies
648 1398 678 1434 ac
698 1380 847 1451 plemmque
864 1380 1007 1434 medicami-

211 1456 292 1512 nibus
313 1456 481 1511 interstincta.
518 1457 553 1511 Et
566 1456 653 1511 Rhodi
665 1463 763 1510 secreto
775 1456 856 1510 vitare
867 1460 956 1521 cretus,
968 1463 1029 1511 red

213 1532 326 1588 condere
349 1534 493 1604 voluptates
516 1534 637 1589 insuerat.
674 1533 795 1587 Traditur
818 1534 894 1587 etiam
917 1535 1006 1588 matris

211 1611 368 1681 impotentia
385 1615 524 1677 extrusum,
538 1630 613 1682 quarn
627 1611 804 1665 dominationis
817 1610 909 1664 sociam
922 1629 1007 1681 asper·

212 1688 333 1753 nabetur,
357 1707 440 1760 neque
464 1688 588 1761 depellere
606 1691 715 1760 poterat,
735 1706 793 1742 cum
812 1687 1006 1742 dominationem

213 1767 300 1837 ipsam
319 1766 413 1820 donum
434 1767 489 1838 ejus
507 1767 654 1837 accepisset.
689 1767 757 1821 Nam
775 1765 935 1820 dubitaverat
952 1768 1029 1822 Au-5

213 1847 310 1915 gustus
323 1844 507 1909 Germanicum,
521 1845 614 1898 sororis
627 1848 746 1914 nepotem
761 1848 788 1898 et
804 1844 903 1898 cunctis
921 1843 1007 1897 lauda-

212 1927 280 1986 tum,
291 1922 329 1976 rei
336 1923 458 1977 Romanae
470 1923 613 1993 imponere:
633 1923 679 1977 sed
687 1923 804 1994 precibus
813 1924 900 1977 uxoris
908 1923 1006 1977 evictus

212 1999 318 2054 Tiberio
342 2000 527 2066 Germanicum,
553 2001 601 2055 sibi
624 2001 756 2055 Tiberium
780 2001 876 2055 ascivit.
924 2000 1007 2070 quue

211 2079 336 2146 Augusta
348 2077 522 2147 exprobrabat,
541 2077 697 2147 reposcebat.
733 2077 862 2132 Profectio
881 2081 951 2130 arcto
967 2075 1052 2131 co-58

211 2153 310 2208 mitatu
321 2153 388 2208 fuit:
407 2173 473 2208 unus
486 2159 590 2208 senator
602 2155 737 2209 consulatu
754 2155 866 2219 functus,
885 2155 1007 2208 Cocceius

212 2230 312 2296 Nersa,
337 2231 379 2286 cui
401 2231 487 2302 legum
510 2231 618 2302 peritia3
650 2249 727 2302 eques
750 2232 889 2296 Romanus,
914 2239 1008 2300 prater

214 2307 345 2378 Sejanum,
359 2327 392 2362 ex
403 2308 544 2362 illustribus
562 2308 669 2362 Curtius
686 2308 805 2373 Attiens3
824 2308 902 2362 ceteri
918 2309 1008 2362 libcra-

211 2384 284 2439 libus
297 2385 387 2439 studiis
400 2385 507 2456 praediti,
521 2385 600 2440 ferme
614 2386 705 2450 Graeci,
725 2403 832 2456 quorum
850 2386 1008 2440 sermonibus

210 2461 351 2517 levaretur.
387 2462 514 2518 Ferebant
526 2465 602 2534 periti
615 2464 762 2528 caelestium,
775 2465 807 2518 iis
819 2465 930 2520 motibus
943 2467 1029 2522 sidet

211 2557 274 2594 rum
286 2539 424 2594 excessisse
438 2541 520 2594 Roma
531 2541 662 2596 Tiberium
673 2546 704 2595 ut
711 2541 809 2595 reditus
817 2542 853 2596 illi
862 2549 1007 2615 negaretur.

211 2615 293 2670 Unde
315 2617 387 2670 exitii
409 2635 485 2672 causa
504 2619 592 2672 multis
611 2619 669 2684 fuit,
690 2637 826 2690 properum
849 2621 924 2674 finem
948 2623 1008 2676 ritae

211 2693 418 2764 conjectantibus
439 2695 661 2766 vulgantibnsque.
698 2697 790 2767 Neque
811 2699 879 2752 enirn
899 2703 952 2752 tam
970 2699 1029 2753 in-3

211 2769 362 2824 credibilem
382 2790 468 2825 casum
488 2772 663 2842 providebant,
685 2778 716 2827 ut
731 2774 848 2828 undecim
866 2794 912 2845 per
929 2793 1007 2828 annos

211 2847 297 2902 libens
321 2848 404 2917 patria
429 2854 533 2904 careret.
576 2851 641 2904 Mox
665 2851 750 2922 patuit
772 2851 849 2905 breve
872 2852 1008 2905 confinium

212 2924 280 2978 artis
293 2928 320 2978 et
332 2924 397 2990 falsi,
410 2943 520 2996 veraque
530 2945 605 2998 qnam
615 2928 729 2982 obscuris
737 2932 894 2999 tegerentur.
931 2927 1031 2991 Naar

212 3002 241 3056 in
253 3001 345 3056 urbem
356 3021 408 3056 non
420 3021 603 3074 regressurum,
617 3004 686 3059 haud
700 3006 767 3059 forte
783 3005 894 3058 dictum:
914 3016 1008 3058 cetero-
