2550 3500
175 430 194 467 A
212 428 232 465 D
249 426 274 466 ⁴9
290 426 331 475 ⁵0]
378 362 573 411 ANNALIUM
592 361 655 411 XII.
672 362 774 409 20—25.
917 361 964 407 245

176 477 222 531 sed
234 477 341 531 fortuito
354 493 467 530 sannone
478 495 485 540 ;
502 474 569 529 uude
580 474 618 528 ira
634 472 780 545 Agrippina
797 472 862 527 cltra
876 470 967 525 ultima

176 554 259 609 stetit.
295 554 329 607 Iu
339 552 447 607 Lolliam
458 552 571 606 mittitur
582 550 708 617 tribunus,
720 568 736 604 a
747 568 798 621 quo
812 548 844 603 ad
858 550 991 603 mortem4

176 632 330 702 adigeretur.
367 630 509 684 Damnatus
533 632 559 684 et
582 629 638 699 lege
660 627 857 699 repetundarum
871 625 965 679 Cadius

176 710 272 773 Rufus,
294 706 471 763 accusantibus
489 706 615 778 Bithynis.
653 706 740 760 Gallia
753 702 914 760 Narbonensi
933 701 965 756 ob
975 699 1012 751 23

177 786 307 857 egregiam
326 785 354 839 in
374 788 459 855 patres
475 784 642 839 reverentiam
657 782 746 837 datum
762 787 793 837 ut
807 779 965 836 senatoribus

177 866 234 935 ejus
256 862 396 933 provinciae,
413 879 466 915 nou
483 861 609 931 exquisita
624 860 744 931 principis
758 858 892 922 sententia,
908 857 966 927 jure

178 958 230 1012 quo
244 940 329 994 Sicilia
340 938 484 1003 haberetur,
497 956 537 993 res
549 957 607 993 suas
620 938 729 993 inrisere
737 937 832 991 liceret.
868 936 991 989 Ituraei·2

178 1036 229 1089 que
241 1020 268 1071 et
280 1015 363 1070 Iudai
372 1015 497 1070 defunctis
509 1015 619 1085 regibus,
634 1015 748 1069 Sohaemo
760 1018 837 1085 atque
845 1012 965 1085 Agrippa,

177 1093 315 1166 provincia
328 1092 406 1164 Syriae
420 1091 506 1146 additi.
543 1092 637 1147 Salutis
656 1092 797 1163 augurium,
814 1090 924 1161 quinque
940 1093 990 1142 et3

177 1171 272 1243 viginti
281 1170 353 1224 anuis
365 1169 493 1233 omissum,
503 1170 584 1240 repeti
597 1187 626 1223 ac
637 1168 727 1223 deinde
739 1167 880 1223 continuari
891 1166 967 1237 placi-

178 1254 244 1303 tum.
274 1248 310 1301 Et
321 1247 461 1317 pomerium
470 1246 539 1301 urbis
552 1247 623 1301 auxit
636 1246 727 1311 Caesar,
735 1264 805 1300 more
816 1244 906 1315 prison,
917 1256 992 1313 quod

178 1327 212 1382 iis
225 1326 270 1397 qui
281 1324 409 1395 protulere
426 1324 558 1394 imperium
570 1324 647 1378 etiam
662 1323 783 1377 terminos
797 1321 867 1376 urbis
878 1339 968 1391 propa·

179 1422 242 1475 gare
255 1402 337 1456 datur.
367 1401 424 1457 Neo
435 1405 521 1455 tamen
532 1400 608 1455 duces
620 1400 737 1465 Romani,
748 1416 888 1471 quanquam
900 1410 991 1467 mag-5

179 1481 221 1536 nis
239 1478 383 1534 nationibus
402 1478 520 1543 subactis,
539 1482 730 1548 usurpaverant,
748 1476 797 1531 nisi
814 1478 843 1529 Iu
858 1475 925 1546 Sylla
941 1479 968 1527 et

180 1558 257 1612 divus
268 1557 409 1626 Augustus.
446 1555 548 1626 Regum
559 1554 587 1608 in
598 1573 627 1609 eo
640 1554 743 1609 ambitio
758 1553 799 1608 vel
810 1552 890 1623 gloria
900 1551 968 1606 varie
977 1560 1016 1614 24

180 1634 293 1705 vulgata.
331 1632 381 1687 Sed
391 1632 491 1687 initium
504 1631 633 1696 condendi,
647 1636 674 1686 et
686 1630 754 1701 quod
767 1630 906 1701 pomerium
918 1629 969 1682 Ro

180 1713 266 1767 mulus
278 1710 399 1782 posuerit,
412 1728 516 1766 noscere
527 1708 595 1764 haud
607 1708 743 1764 absurdum
755 1726 819 1763 reor.
855 1706 940 1778 Igitur
954 1713 993 1760 at

132 1831 133 1840 .
181 1791 239 1845 foro
260 1789 354 1853 boari0,
375 1788 420 1843 ubi
439 1805 530 1842 areum
551 1787 619 1841 tauri
642 1787 803 1842 simulacrum
826 1785 967 1856 aspicimus,

131 1845 135 1958 l
182 1867 244 1938 quia
263 1865 290 1920 id
309 1884 389 1937 genus
411 1864 554 1919 animalium
574 1867 658 1918 aratro
678 1863 802 1928 subditur,
824 1863 908 1918 sulcus
928 1861 970 1916 de·

181 1941 301 2015 signandi
324 1941 409 2014 oppidi
432 1945 536 2012 coeptus,
561 1946 591 1996 ut
615 1960 731 2012 magnam
754 1941 873 1996 Herculis
900 1958 970 1994 aram

182 2021 386 2092 amplecteretur.
422 2019 486 2073 Inde
507 2019 583 2074 certis
604 2020 692 2090 spatiis
715 2018 843 2090 interjecti
865 2017 994 2088 lapides,3

131 2063 133 2146 l
181 2117 229 2172 per
241 2099 292 2152 ima
302 2097 395 2151 montis
408 2095 517 2150 Palatini
529 2095 561 2150 ad
572 2115 641 2150 aram
653 2097 737 2161 Consi,
750 2114 810 2149 mox
820 2094 870 2165 †ad
887 2093 969 2148 cunas

181 2183 291 2240 veteres,
312 2178 368 2228 tum
385 2173 416 2228 ad
432 2173 549 2228 sacellum
567 2173 708 2240 Larundae;
726 2174 859 2242 torumque
876 2171 971 2226 Roma·

182 2271 246 2307 uum
267 2255 293 2306 et
314 2251 468 2322 Capitolium
487 2269 539 2305 non
557 2269 573 2304 a
593 2251 702 2305 Romulo
722 2249 802 2304 seda
818 2249 877 2303 Tito
897 2248 971 2302 Tatio

184 2329 301 2384 additum
319 2329 377 2383 urbi
395 2327 529 2384 credidere.
565 2328 630 2382 Mox
647 2345 693 2398 pro
710 2328 814 2382 fortuna
833 2327 998 2397 pomeriumt

131 2431 133 2470 2
183 2409 297 2460 auctum.
337 2406 372 2460 Et
396 2423 459 2476 quos
482 2409 538 2458 tum
563 2403 683 2459 Claudius
706 2404 828 2458 terminos
850 2404 972 2475 posuerit,

131 2493 134 2548 1
183 2482 259 2538 facile
271 2482 375 2553 cognitu
387 2486 414 2536 et
426 2481 531 2553 publicis
544 2481 607 2536 actis
619 2481 794 2552 perscriptum.

220 2559 250 2614 G.
264 2559 385 2624 Antistio,
402 2559 440 2614 M.
456 2559 543 2613 Suillio
561 2558 705 2614 consulibus
723 2557 825 2629 adoptio
842 2557 870 2613 in
886 2557 972 2613 Domi·
982 2565 1018 2620 25

183 2637 251 2692 tium
275 2637 427 2690 auctoritate
450 2635 572 2690 Pallantis
596 2635 740 2702 festinatur,
765 2635 809 2707 qui
836 2635 972 2691 obstrictus
980 2655 1024 2686 au.

131 2717 133 2734 '
184 2713 334 2785 Agrippina
345 2718 376 2768 ut
388 2713 533 2768 conciliator
544 2713 697 2784 nuptiarum,
711 2718 737 2768 et
749 2731 809 2768 mox
820 2717 908 2784 stupro
917 2713 972 2784 ejus
980 2696 1027 2787 ,⁸2⁸

183 2791 307 2862 illigatus,
327 2789 476 2844 stimulabat
493 2789 626 2845 Claudium
644 2791 787 2846 consuleret
804 2791 842 2846 rei
857 2789 971 2861 publicae,
981 2796 1012 2836 tt

184 2867 329 2924 Britannici
352 2867 487 2937 pueritiam
509 2866 599 2922 robore
622 2868 797 2924 circumdaret.
841 2868 883 2922 Sic
906 2865 998 2938 apuda

184 2943 273 3001 dirum
293 2946 449 3016 Augustum,
470 2961 612 3016 quanquam
627 2946 762 3018 nepotibus
779 2945 921 3010 subnixum,
937 2942 974 2999 ri-
