2550 3500
303 416 350 465 860
635 414 755 463 TACITI

878 478 913 527 [1.
921 478 948 517 n.
958 479 980 518 c.
989 478 1075 527 111111

299 528 328 583 in
338 526 401 583 urbe
417 527 526 598 templis,
539 529 677 599 egestoque
693 544 754 582 auro
772 525 840 598 quod
854 528 996 599 triumphis,
1015 530 1077 600 quod

299 607 367 662 rotis
382 607 463 662 omnis
477 606 563 677 populi
575 606 684 661 Romani
700 610 761 661 aetas
777 624 895 677 prospere
913 610 958 661 aut
972 607 999 663 in
1011 612 1077 663 metu

275 688 449 750 esacraverat.
484 684 620 738 Enimuero
637 702 684 754 per
699 684 785 738 Asiam
804 686 880 754 atque
895 684 1014 739 Achaiam
1030 704 1078 740 nou

299 760 365 815 dona
384 764 485 815 tantum
507 759 553 815 sed
575 760 710 815 simulacra
733 759 865 814 numinum
888 760 1077 832 abripiebantur,

298 837 382 892 missis
400 838 427 892 in
444 856 486 893 eas
503 837 644 907 provincias
661 838 757 891 Acrato
775 854 804 891 ac
823 836 938 891 Secundo
956 838 1079 894 01111111.

274 914 348 969 4Ille
364 914 470 969 libertus
488 914 628 986 cuicunque
646 913 742 985 flagitio
762 917 910 984 promptus;
934 914 976 970 hic
996 916 1080 971 Gracc

299 990 413 1046 doctrina
424 1009 467 1046 ore
478 994 553 1045 tenus
565 991 700 1056 exereitus,
714 990 824 1045 animum
840 989 912 1045 bonis
924 991 1019 1047 artibus
1030 1012 1080 1048 non

275 1067 422 1123 cindueret.
457 1067 598 1123 Ferebatur
612 1069 713 1132 Seneca
727 1084 778 1137 quo
796 1066 914 1122 invidiam
929 1068 1081 1141 sacrilegiis

299 1151 378 1199 semet
396 1148 528 1211 averteret,
544 1145 675 1216 longinqui
692 1145 758 1199 ruris
776 1162 902 1198 secessum
919 1145 1036 1212 oravisse,
1054 1152 1081 1202 11

297 1224 432 1293 postquam
460 1240 512 1277 non
534 1221 725 1287 comedebatur,
749 1220 809 1275 ficta
835 1220 986 1287 valetudine,
1011 1226 1082 1295 qussi

275 1308 366 1369 teger
382 1299 473 1365 nervis,
486 1299 629 1355 cubiculum
646 1316 698 1352 non
715 1314 839 1369 egressus.
875 1297 1011 1355 Tradidere
1029 1302 1081 1372 qui·

299 1374 357 1429 dam
368 1394 491 1431 venenum
503 1377 527 1431 ei
542 1395 587 1447 per
598 1374 716 1429 libertum
728 1374 815 1445 ipsius,
828 1374 869 1429 eni
880 1392 972 1430 nomen
984 1377 1082 1433 Cleoni-

298 1470 351 1518 cus,
363 1457 480 1524 paratum
495 1453 571 1525 jussu
587 1452 707 1517 Neronis,
719 1452 878 1523 vitatumque
890 1470 905 1505 1
918 1452 1082 1526 8111111111-

298 1530 393 1586 ditione
410 1531 495 1587 liberti
513 1549 559 1586 seu
575 1530 678 1601 propria
694 1528 834 1595 tormidine,
852 1528 913 1584 dum
928 1532 1082 1603 persimplici

297 1608 369 1662 victu
384 1611 410 1663 et
428 1607 569 1681 agrestibus
586 1606 676 1679 pomis,
694 1624 723 1663 ac
740 1606 763 1661 si
780 1606 836 1661 sitis
854 1604 1007 1675 admoneret,
1025 1628 1083 1681 pre

297 1685 392 1739 fluente
404 1703 469 1757 aqua
479 1684 558 1739 vitam
568 1683 669 1739 tolerat.

161 1801 163 1807 ·
250 1756 290 1810 46
332 1763 383 1817 Per
393 1762 460 1818 idem
470 1766 571 1834 tempus
580 1761 730 1834 gladiatores
742 1759 810 1831 apud
820 1759 940 1832 oppidum
952 1762 1082 1820 Praeneste

296 1843 397 1893 tentata
413 1840 545 1910 eruptione
561 1838 678 1910 pracsidio
695 1837 789 1903 militis,
809 1837 853 1908 qni
868 1841 954 1894 custos
971 1839 1081 1907 adesset,

297 1916 400 1971 coirciti
411 1920 478 1981 sunt,
488 1917 540 1987 jam
559 1917 709 1986 Spartacum
722 1918 749 1970 et
764 1919 851 1970 vetera
861 1915 926 1970 mala
936 1918 1084 1974 rumoribus

296 1993 394 2048 serente
405 1993 506 2067 populo,
517 1996 547 2048 ut
564 1996 604 2048 est
615 2010 738 2048 novarrnn
748 2009 833 2046 rerum
849 1991 952 2062 cupiens
964 1995 1084 2064 pavidus-

273 2081 354 2141 2qne.
388 2070 445 2126 Nec
461 2069 542 2125 multo
557 2073 616 2140 post
631 2069 714 2124 clades
726 2069 764 2123 rei
780 2068 875 2124 navalis
887 2070 1018 2141 accipitur,
1031 2090 1085 2128 non

295 2147 360 2202 bello
374 2147 475 2220 (quippe
485 2147 554 2202 haud
565 2147 626 2202 alies
641 2150 695 2201 tam
712 2146 817 2200 immota
827 2147 906 2218 paul:
925 2145 971 2202 sed
982 2153 1085 2204 certum

295 2223 328 2279 ad
345 2223 411 2279 diem
428 2225 455 2280 in
472 2225 634 2296 Campaniam
651 2223 733 2278 redire
751 2222 856 2278 classem
873 2224 944 2279 Nero
958 2224 1084 2296 jusserat,

272 2313 347 2358 311111
358 2302 470 2374 exceptis
478 2302 554 2357 maris
563 2300 671 2356 casibus.
689 2300 759 2370 Ergo
766 2299 955 2371 gubernatores,
964 2303 1085 2372 quamvis

295 2378 414 2434 sedente
433 2379 530 2452 pelago,
550 2377 690 2433 aFormiis
713 2395 813 2432 movere
822 2399 830 2444 ;
848 2381 875 2432 11
893 2378 965 2450 gravi
982 2380 1084 2446 Africo,

294 2454 353 2509 dum
365 2457 564 2526 promontorium
575 2454 670 2510 Miseni
681 2471 799 2525 superare
808 2454 972 2520 contendunt,
986 2456 1086 2512 Guma-

293 2532 333 2587 nis
350 2532 467 2588 litoribus
489 2532 593 2605 impacti
614 2531 757 2586 triremium
779 2530 912 2603 plerasque
935 2535 962 2586 11
979 2533 1085 2588 minora

248 2616 285 2675 47
293 2609 394 2681 navigia
402 2611 495 2680 passim
504 2612 650 2665 amiserunt.
669 2608 1085 2682 lineannivulganturprodigis,

293 2687 477 2743 imminentium
488 2687 610 2742 melorum
618 2687 715 2742 nuntia
750 2685 799 2741 Vis
811 2685 939 2758 fulgurum
951 2705 1006 2742 11111
1018 2688 1086 2744 alias

293 2764 410 2830 crebrior,
434 2768 461 2819 et
484 2763 554 2819 sidus
577 2767 695 2828 cometes,
720 2762 842 2834 sanguine
862 2763 955 2818 illustri
978 2781 1087 2836 semper

270 2840 390 2896 2Neroni
410 2841 546 2912 expiatum.
581 2840 705 2910 Bicipites
721 2839 851 2896 hominum
868 2839 1008 2896 eliorumve
1028 2842 1088 2898 ani-
1144 2899 1145 2904 ,

291 2917 394 2972 melium
410 2921 499 2989 partus
515 2917 608 2988 abjecti
624 2917 652 2972 in
670 2915 807 2989 publicum,
825 2917 916 2972 autin
938 2917 1085 2984 sacrificiis,
1144 2967 1145 2986 ,

270 2993 383 3064 aquibus
394 2993 510 3066 maridas
525 2993 622 3049 hostica
634 2993 765 3050 immolare
776 3013 830 3051 mos
843 2998 883 3051 est
900 2993 1005 3066 reperti.
1045 2996 1087 3052 nt
1144 3037 1145 3046 ,
