2550 3500
283 361 317 408 8⁰
619 359 739 409 rhem

918 423 1076 473 [nucem.

284 469 373 526 vinciae
389 469 599 542 protendebatur,
614 471 757 544 levavitque
771 472 866 543 apertis
881 472 978 528 horreis
991 476 1078 544 pretia

285 547 396 619 frugum,
409 547 538 619 multaque
549 548 577 603 in
590 548 683 620 vulgus
701 553 775 622 grata
789 552 939 622 usurparit:
958 551 1013 608 sine
1029 552 1076 605 mi·
1138 550 1139 605 l

285 624 331 680 lite
354 625 476 690 incedere,
500 625 606 696 pedibus
629 625 733 682 intectis
756 631 783 683 et
806 628 862 698 pari
890 645 949 683 eum
977 628 1076 683 Graecis
1138 636 1139 641 ’

285 701 387 768 amictu,
405 702 434 756 P.
449 701 572 772 Scipionis
591 703 758 771 emulatione,
776 721 852 775 quem
869 704 957 759 eadem
974 704 1076 760 factita-

285 778 352 832 visse
364 777 432 848 apud
444 777 562 845 Siciliam,
575 781 690 850 quamvis
701 782 827 853 flagrante
839 780 921 836 sdhuc
936 781 1075 836 Poenorum

264 855 358 922 abeno,
378 855 527 929 accepimus.
562 857 678 913 liberius
696 859 768 914 cultu
784 859 924 930 habituque
940 859 996 930 ejus
1013 859 1076 915 leni-

286 933 335 988 bus
355 933 439 989 verbis
456 933 599 1006 perstricto,
616 935 738 991 acerrime
755 935 881 1007 increpuit
898 936 967 1008 quod
983 941 1075 992 oonha

285 1010 407 1066 instituta
423 1011 543 1083 Augusti,
561 1029 613 1068 non
630 1017 721 1083 sponte
743 1013 873 1084 principis,
892 1013 1075 1068 Alexandriam

263 1086 424 1142 animose.
460 1087 529 1142 Nam
541 1091 675 1160 Augustus
690 1089 758 1144 inter
773 1089 824 1144 alia
839 1089 1017 1145 dominationis
1035 1109 1075 1145 ar·

285 1181 355 1229 cana,
368 1163 455 1219 vetitis
466 1165 515 1219 nisi
526 1166 652 1236 permissu
663 1166 763 1238 ingredi
774 1166 935 1222 senatoribus
945 1171 991 1222 aut
1002 1168 1075 1238 equi-

285 1241 354 1296 tibus
366 1241 488 1296 Romame
499 1241 651 1308 illustribus,
664 1243 777 1314 seposuit
786 1243 945 1315 AEgyptum3
961 1261 995 1299 ne
1005 1244 1075 1300 fame

285 1321 389 1390 urgeret
406 1318 516 1385 Italiam,
532 1319 649 1390 quisquis
665 1337 722 1374 eam
739 1320 894 1392 prormciam
910 1321 1074 1392 claustraque

285 1399 360 1451 terme
371 1413 401 1451 ac
412 1396 496 1462 maris,
510 1397 624 1467 quamvis
635 1396 686 1452 leri
700 1396 818 1468 presidio
834 1396 970 1452 adversum
985 1399 1074 1468 ingen-

240 1476 326 1536 60tes
347 1475 483 1538 exercitus,
508 1473 652 1529 insedisset.
688 1473 739 1529 Sed
762 1474 936 1540 Germniicus,
959 1475 1074 1531 noudum

285 1555 414 1622 comperto
431 1550 613 1622 profectionem
630 1568 685 1607 eam
703 1551 822 1620 incusari,
834 1551 896 1606 Nilo
917 1551 1075 1608 subveheba-

262 1640 334 1693 ntur,
347 1645 420 1683 orsus
432 1627 525 1700 oppido
536 1645 552 1682 a
564 1627 676 1697 Canopo.
712 1625 856 1684 Condidere
865 1627 894 1683 id
910 1629 1029 1700 Spartani
1040 1630 1074 1686 ob

285 1705 413 1777 sepultum
424 1705 475 1761 illic
486 1708 611 1761 rectorem
622 1704 695 1760 navis
707 1703 847 1778 Canopum,
860 1724 911 1779 qua
921 1710 1075 1779 tempestate

285 1782 427 1846 Menelaus,
449 1782 572 1839 Graeciam
590 1787 716 1853 repetens,
736 1783 864 1839 divarum
884 1783 917 1839 ad
934 1802 1003 1839 mare
1023 1789 1074 1841 ter-

263 1874 389 1932 eramque
409 1859 517 1931 Libyam
537 1859 660 1931 dejectus.
695 1860 761 1916 Inde
780 1861 924 1933 proximum
942 1862 1024 1917 amnis
1045 1882 1075 1918 os

285 1936 396 1993 dicatum
412 1936 527 2003 Herculi,
541 1956 617 2008 quem
631 1936 757 2009 indigena
770 1943 856 1994 ortum
871 1938 939 2011 apud
952 1958 979 1994 se
990 1944 1017 1994 et
1029 1958 1075 1995 an-

284 2014 455 2086 tiquissimum
470 2014 612 2087 perhibent,
629 2034 724 2085 eosque
740 2016 786 2086 qui
801 2019 891 2085 postea
908 2017 963 2087 peri
974 2018 1074 2073 virtute
1140 2045 1141 2074 l

284 2091 380 2147 inerint
392 2091 419 2147 in
430 2096 627 2164 cognomentum
639 2092 695 2164 ejus
712 2092 839 2158 adscitos3
857 2111 918 2148 mox
930 2094 991 2148 risit
1004 2101 1074 2151 vete·

262 2176 341 2224 hrum
352 2168 496 2225 Thebarum
512 2186 604 2241 magna
615 2171 732 2242 vetigia
769 2171 805 2225 nt
821 2170 957 2226 manebant
968 2174 1074 2227 structis

284 2246 392 2303 mohbus
415 2246 510 2303 litteras
532 2247 671 2319 AEgyptira
695 2247 805 2319 priorem
828 2247 984 2319 opulentiam
1006 2268 1074 2305 com-

283 2323 380 2395 plexoe3
396 2324 531 2396 jussusque
543 2342 558 2381 s
570 2324 711 2380 senioribus
723 2324 883 2380 sacerdotum
898 2326 1010 2397 patrium
1021 2346 1075 2382 ser-

283 2419 384 2456 monem
401 2402 571 2473 interpretaii,
587 2402 715 2457 referebat
731 2402 858 2458 habitasse
873 2402 1001 2474 quondam
1018 2422 1075 2475 sep-

283 2478 401 2551 tingenta
413 2478 490 2534 millis
501 2484 577 2535 aetate
588 2480 700 2545 militari,
709 2483 788 2551 atque
795 2497 825 2535 eo
837 2498 897 2535 cum
904 2482 1023 2537 exercitu
1033 2500 1075 2537 rc-

284 2574 342 2627 gem
360 2556 490 2613 Rhamsen
500 2556 591 2627 Libya,
604 2557 744 2628 AEthiopic
756 2556 891 2628 Medisque
902 2561 929 2613 ct
940 2558 1033 2624 Persis,
1046 2563 1074 2615 et

284 2633 420 2689 Bactriano
432 2652 462 2689 ac
474 2634 569 2705 Scytha
585 2634 716 2705 potitum
734 2652 850 2705 quasque
860 2638 943 2689 terras
953 2635 1015 2690 Suri
1026 2638 1075 2690 Ar·

285 2710 412 2781 meniique
424 2714 450 2765 et
462 2711 577 2781 contigui
586 2710 747 2782 Cappadoces
759 2710 855 2778 colunt,
864 2711 922 2767 inde
931 2712 1074 2785 Bithynum

263 2788 344 2845 chine
358 2787 466 2859 Lycium
484 2786 517 2841 ad
534 2804 610 2851 mare,
628 2788 734 2857 imperio
750 2788 872 2843 tenuisse.
907 2788 1075 2861 Legebantur

285 2870 312 2921 et
328 2865 423 2921 indicta
439 2864 559 2935 gentibus
573 2864 678 2929 tributu,
691 2864 791 2935 pondus
803 2865 903 2936 argenti
913 2870 940 2920 et
952 2867 1015 2933 auri,
1026 2886 1075 2922 nn-

285 2961 371 2999 merus
390 2960 519 2998 armomm
537 2958 720 3013 equorumque,
742 2945 770 2997 et
787 2941 855 2997 dona
880 2943 983 3014 templis
1008 2942 1075 3000 ebur
