2550 3500
305 379 337 425 26
641 378 762 426 TACITI

942 444 1098 492 [aucam.

256 488 296 544 42
342 493 358 518 “
365 488 426 543 Non
437 488 500 543 mihi
510 507 577 544 uxor
588 492 633 544 eut
645 490 712 544 filins
723 497 795 562 patre
804 494 865 546 etre
877 492 978 562 publiea
988 495 1099 550 cariores

305 569 382 621 sunt:
402 566 446 621 sed
458 567 529 620 illum
541 567 642 637 quidem
654 587 701 622 sua
716 569 842 639 majestas,
855 570 989 641 imperinm
1005 572 1097 626 Roma-

280 657 366 704 2nnm
383 644 462 699 ceteri
479 645 604 700 exercitus
623 645 766 701 defendent.
802 647 944 718 conjugem
960 653 988 703 et
1004 649 1096 704 liberos

303 739 380 787 meos,
394 740 458 792 quos
470 740 516 792 pro
528 721 608 793 gloria
618 727 704 778 vestra
715 723 796 779 libens
808 723 841 778 ed
851 726 958 779 exitium
972 727 1096 791 offerrem,

302 817 371 854 nune
385 799 474 870 procul
490 817 505 854 a
520 799 664 854 furentibus
680 819 833 868 summoveo,
845 806 877 857 ut
892 802 1016 874 quidquid
1030 804 1098 858 istnc

302 876 403 931 sceleris
414 877 536 942 imminet,
550 895 606 932 meo
618 881 719 932 tantum
731 880 853 950 sanguine
871 879 962 950 pietur,
975 898 1041 935 neve
1058 899 1097 935 oo

301 953 369 1008 cisus
390 954 503 1025 Augusti
521 971 653 1025 pronepos,
675 955 810 1010 interfecte
827 957 922 1011 Tiberii
944 976 1032 1022 nunus,
1052 975 1098 1011 uo

277 1031 426 1086 ocentiores
438 1049 483 1086 vos
495 1031 580 1086 saciet.
617 1031 688 1091 Quid
699 1032 765 1087 enim
783 1051 829 1104 per
846 1034 893 1088 hos
909 1033 963 1088 dies
979 1035 1097 1088 inausum

274 1107 511 1164 aintemeratumve
522 1107 594 1164 vobis
604 1098 712 1168 oenoe
728 1127 822 1164 nomen
838 1111 897 1166 hnic
913 1111 991 1166 ooetni
1009 1111 1096 1166 dabo?

299 1187 427 1241 Militeene
450 1185 579 1256 appellem,
599 1185 644 1256 qui
660 1186 739 1240 filium
756 1187 915 1258 imperatoris
932 1188 1013 1243 vestri
1032 1189 1097 1243 vallo

299 1271 326 1318 et
343 1263 419 1318 armis
437 1263 642 1328 circumsedistis,
659 1281 693 1317 an
709 1267 780 1326 eirea
798 1265 891 1335 quibus
913 1270 967 1320 tam
982 1265 1098 1337 projecta

300 1348 403 1396 senatus
416 1341 572 1396 auotoritas?
591 1341 715 1396 Hostium
731 1360 831 1412 quoqne
839 1343 883 1414 jus
899 1347 926 1398 et
942 1361 1015 1397 sacra
1029 1343 1097 1415 lega-

276 1418 377 1474 ttionis
393 1422 419 1474 et
431 1417 470 1472 fas
482 1419 597 1488 gentium
608 1419 722 1490 rupistis.
758 1419 840 1474 Divus
849 1421 934 1475 Julius
945 1420 1097 1476 seditionem

300 1495 426 1552 exercitus
444 1495 521 1551 verbo
543 1513 594 1550 uno
610 1497 773 1566 compescuit,
793 1499 905 1558 Quirites
922 1498 1038 1554 vocando
1052 1500 1098 1569 qui

300 1577 484 1630 sacramentum
496 1573 551 1645 ejus
563 1573 747 1629 detractabant.
781 1575 864 1630 Divus
876 1577 1011 1647 Augustus
1024 1577 1097 1631 vultu

299 1656 326 1707 et
336 1656 441 1724 aspectu
448 1651 565 1706 Actiacas
577 1651 689 1723 legiones
701 1652 833 1707 exterruit.
870 1653 934 1718 Nos,
945 1657 975 1706 ut
984 1653 1097 1708 nondum

300 1730 409 1797 eosdem,
422 1729 460 1785 ita
471 1748 503 1785 ex
514 1729 563 1785 illis
577 1735 647 1785 ortos
659 1730 682 1785 si
690 1730 825 1802 ,Hispania
841 1730 951 1802 Syriaeue
969 1731 1042 1787 miles
1058 1752 1098 1787 as·

276 1818 291 1866 6
300 1813 456 1881 pernaretur‚
473 1812 559 1863 tamen
577 1808 670 1863 mirum
685 1812 712 1864 et
729 1808 862 1881 indignum
879 1813 944 1868 erat,
978 1810 1097 1865 Primane

300 1893 327 1941 et
345 1886 464 1942 vicesima
483 1885 603 1957 legiones,
625 1885 669 1941 ille
687 1885 766 1958 signis
780 1905 797 1941 a
811 1886 913 1942 Tiberio
930 1887 1049 1957 acceptis,
1067 1892 1098 1943 tu

300 1968 340 2019 tot
358 1964 501 2035 praediorum
513 1963 588 2029 socia,
606 1967 648 2018 tot
665 1963 774 2033 praemiis
791 1969 873 2029 ancta,
892 1965 1020 2035 egregiam
1038 1962 1098 2021 duci

277 2045 386 2099 7vestro
398 2041 506 2111 gratiam
518 2040 637 2096 refertis?
656 2041 735 2095 Hunc
747 2059 795 2111 ego
812 2041 932 2095 nuntium
950 2042 1025 2112 patri,
1037 2046 1098 2097 laete

299 2119 383 2173 omnia
395 2118 450 2173 aliis'
463 2137 477 2173 e
489 2118 623 2189 provinciis
636 2117 756 2183 audienti,
770 2118 869 2173 feram?
888 2118 973 2189 Ipsius
991 2118 1095 2187 tirones,

299 2196 380 2267 ipsius
398 2200 532 2251 veteranos
552 2213 604 2249 non
627 2195 754 2261 missione,
776 2214 829 2249 non
847 2196 955 2265 pecunia
974 2190 1095 2259 satiatos3

299 2273 341 2329 hie
358 2278 460 2329 tantum
476 2273 585 2328 interfici
608 2273 776 2339 centuriones,
795 2274 853 2345 ejici
875 2274 1000 2340 tribunos,
1019 2275 1096 2330 inclu·

300 2352 326 2407 di
349 2352 454 2424 legatos,
479 2352 574 2407 infecte
596 2352 719 2423 sanguine
739 2356 830 2417 eastra,
854 2352 974 2418 flumina3
1005 2371 1095 2423 meque

250 2442 290 2496 43
299 2430 437 2501 precariam
458 2429 566 2484 animam
589 2429 658 2484 inter
680 2428 792 2484 infensos
812 2430 921 2485 trahere.
957 2429 1012 2483 Gur
1030 2432 1096 2485 enim
1134 2495 1136 2498 ¹

299 2508 380 2581 primo
404 2509 531 2565 concionis
555 2508 595 2564 die
618 2508 715 2563 ferrum
737 2508 808 2574 illud,
833 2508 901 2580 quod
926 2509 1023 2581 pectori
1039 2529 1096 2565 meo

298 2587 403 2659 infigere
423 2586 549 2658 parebam,
563 2586 717 2651 detraxistis,
735 2586 758 2640 0
774 2586 910 2658 improvidi
933 2587 1021 2642 amici!
1041 2588 1096 2643 Me-

275 2664 348 2722 alius
370 2667 396 2719 et
418 2664 544 2719 amantius
564 2664 607 2719 iile
628 2664 673 2735 qui
688 2663 800 2734 gladium
818 2664 947 2720 offerebat.
985 2665 1097 2721 Cecidis-
1134 2679 1135 2688 ¹

299 2761 353 2797 sem
372 2747 442 2797 certe
459 2741 572 2797 nondum
592 2746 633 2796 tot
652 2741 806 2812 flagitiorum
824 2743 949 2797 exercitui
965 2760 1022 2798 meo
1038 2763 1095 2799 con·

298 2820 382 2885 scius;
400 2820 526 2893 legissetis
543 2819 641 2884 ducem,
654 2820 698 2889 qui
715 2838 797 2873 meam
814 2820 916 2890 quidem
932 2825 1040 2876 mortem
1051 2823 1096 2876 im·

298 2898 414 2969 punitam
430 2898 532 2962 sineret,
548 2896 611 2951 Vari
629 2900 716 2951 temen
732 2902 759 2951 et
774 2896 853 2951 trium
873 2897 1002 2969 legionum
1021 2898 1095 2954 ideis-

275 2981 407 3039 aoeretur.
452 2976 545 3048 Neque
565 2975 632 3031 enim
651 2973 679 3030 di
697 2974 782 3030 sinant
802 2979 833 3030 ut
850 2975 995 3047 Belgarum,
1018 2995 1094 3047 quan-
