2550 3500
314 370 360 418 18⁰
646 368 766 417 reem

947 431 1099 484 [nuum

282 472 284 481 '
311 498 393 553 neque
410 496 485 552 posse
502 478 642 551 prinoipem
659 498 706 535 sua
723 476 831 539 seientia
848 483 942 536 cuncta
959 486 1102 555 complecti,

288 571 393 629 tueque
416 556 535 627 expedire
559 560 590 611 ut
613 556 749 612 ambitione
772 562 854 613 aliona
876 558 1001 615 trahatur.
1035 560 1103 616 Ideo

311 636 380 707 leges
393 634 421 689 in
431 634 499 689 faeta
511 633 641 699 constitui,
654 635 714 706 quia
720 634 808 689 futura
818 635 846 689 in
856 635 954 691 incerto
966 637 1028 693 sint.
1059 639 1102 695 Sio

311 730 328 767 a
343 712 479 783 majoribus
496 711 652 781 institutum,
667 716 705 777 ut,
721 712 744 767 si
761 712 885 767 antissent
902 712 1003 780 delicta,
1021 733 1103 786 poena

288 792 487 860 eaequerontur.
522 788 564 843 Ne
581 792 711 844 verterent
728 790 855 860 sapienter
871 794 974 861 reperta
990 797 1018 847 et
1035 811 1104 849 sem·

312 886 359 940 per
381 867 480 939 piacita
529 867 596 923 Satis
619 886 726 924 onerum
748 869 909 940 principibus,
934 870 999 927 satis
1021 872 1101 927 etiam

311 946 439 1017 potentiae.
474 945 560 1000 Minui
575 945 641 1017 jura,
660 947 777 1017 quotiens
794 946 885 1017 gliscat
907 953 1031 1019 potestas,
1054 968 1103 1005 nen

289 1022 435 1084 tutandum
458 1022 570 1094 imperio,
595 1023 641 1079 nbi
662 1023 762 1095 legibus
788 1024 831 1094 agi
856 1026 945 1095 possit,
993 1026 1103 1085 Quanto

311 1100 391 1155 rarior
402 1099 469 1171 apud
481 1100 609 1155 iiberinm
623 1100 786 1171 popularitas,
804 1105 879 1156 tanto
894 1102 1035 1158 laetioribus
1047 1104 1103 1159 mi-

288 1178 359 1239 smis
371 1181 482 1249 aceepta
516 1180 603 1250 Atque
615 1178 659 1232 ilie
668 1177 779 1249 prudens
791 1178 944 1243 moderandi.
957 1180 982 1234 si
998 1182 1104 1252 propria

292 1260 295 1267 '
311 1255 350 1310 ire
360 1272 412 1310 non
422 1254 600 1326 impelleretur,
613 1254 710 1310 eddidit
721 1254 829 1310 insulam
845 1256 957 1326 Gyarum
972 1258 1100 1313 immitem

311 1336 338 1388 et
350 1333 405 1388 sine
416 1332 488 1388 onltu
503 1333 634 1388 hominum
647 1350 718 1388 esse:
737 1332 826 1387 dment
841 1333 859 1385 J
860 1333 925 1388 nnioe
941 1333 1053 1399 familie,
1073 1339 1101 1391 et

311 1410 366 1465 viro
392 1410 516 1482 quendem
540 1409 636 1465 ordinis
659 1409 780 1481 ejusdem,
803 1413 835 1464 nt
858 1411 987 1482 Cythnum
1011 1412 1102 1482 potina

288 1488 467 1549 eoonoederet.
516 1487 548 1543 Id
574 1506 686 1543 sororem
709 1506 809 1559 quoque
832 1488 912 1543 Silani
934 1489 1100 1560 Torquatum,

311 1566 399 1637 prime
411 1565 583 1621 sanctimonie
599 1565 731 1637 virginem,
748 1569 874 1637 expetere.
909 1565 944 1620 In
959 1566 1028 1621 hane
1044 1586 1102 1623 sen·

263 1641 302 1704 70
311 1643 417 1699 tentiam
440 1642 509 1697 fecta
525 1641 653 1697 discessio.
688 1643 753 1697 Post
775 1641 856 1697 auditi
879 1641 1047 1715 Cyrenenses,
1075 1649 1101 1699 et
1139 1659 1141 1727 p

310 1728 445 1778 aenusante
462 1718 589 1776 Anchario
606 1719 695 1775 Prisoo
713 1718 809 1776 cneius
827 1718 926 1775 Cordus
943 1720 1100 1792 repetunda-

286 1810 367 1859 2rum
378 1799 519 1853 damnatur.
554 1797 586 1853 L.
598 1797 711 1852 Ennium
722 1797 833 1868 equitem
844 1797 997 1863 Romanum,
1007 1799 1101 1871 majes

309 1877 371 1931 tatis
383 1874 538 1947 postulatum
552 1873 620 1945 quod
635 1874 743 1945 effigiem
758 1874 878 1945 principis
895 1875 1049 1946 promiscum
1066 1875 1099 1930 nd

309 1972 384 2008 unum
400 1951 500 2024 argenti
514 1951 642 2016 vomisset,
660 1951 738 2022 recipi
754 1951 840 2006 Cesar
854 1951 923 2006 inter
933 1970 990 2007 reos
1004 1954 1099 2018 vetuit,

289 2033 291 2042 '
309 2030 392 2102 petam
409 2033 558 2101 aspernante
569 2029 647 2084 Ateio
659 2028 782 2099 Capitone
799 2028 872 2099 quasi
888 2047 934 2099 per
944 2029 1098 2086 libertatem.

286 2109 371 2164 8Non
388 2108 455 2163 enirn
472 2106 563 2162 debere
580 2105 645 2177 eripi
661 2106 775 2178 patribus
791 2106 843 2162 vim
861 2105 998 2171 statuendi,
1015 2125 1099 2179 neque

309 2190 410 2242 tantum
421 2185 571 2240 maleficium
586 2183 689 2255 impune
706 2181 857 2238 habendum.
894 2183 960 2238 Sane
974 2183 1060 2239 lentus
1072 2185 1100 2240 in

310 2281 357 2318 suo
380 2263 465 2319 doloro
488 2269 572 2318 esset:
590 2261 628 2316 rei
650 2259 758 2332 publiea
779 2260 884 2332 injurias
901 2277 934 2315 ne
951 2261 1098 2332 largiretur.
1136 2278 1138 2376 p

285 2340 440 2396 tinnierit
455 2340 509 2396 heo
524 2339 642 2396 Tiberius
658 2341 688 2393 ut
703 2340 784 2402 erant,
800 2337 881 2407 magis
897 2356 973 2408 quam
986 2343 1017 2392 ut
1034 2337 1100 2394 dioe·
1135 2402 1136 2409 χ

309 2419 409 2485 bantur,
430 2419 593 2490 perstititque
604 2414 768 2472 internedere.
804 2413 896 2485 Cupito
907 2415 1052 2487 insignitior
1063 2417 1100 2470 in·

309 2496 386 2552 iamin
397 2497 454 2562 tuit,
463 2495 537 2569 quod,
546 2494 651 2550 humani
659 2491 787 2562 divinique
794 2490 860 2563 juris
869 2492 959 2561 sciens,
967 2493 1100 2565 egregium

310 2573 438 2646 publicum
450 2577 477 2629 et
488 2572 566 2628 bones
579 2571 648 2628 domi
659 2574 727 2625 artes
738 2568 964 2626 dehonestarisset·

262 2651 299 2716 71
344 2653 455 2709 Incessit
466 2652 525 2708 dein
536 2651 632 2724 religio,
647 2667 756 2722 quonam
768 2648 796 2704 in
806 2648 902 2720 templo
913 2648 1048 2704 locandum
1064 2649 1101 2704 io·

310 2735 350 2788 ret
362 2729 463 2796 donum,
473 2728 541 2802 quod
549 2747 594 2801 pro
602 2726 741 2784 valitudine
750 2729 875 2798 Auguste
883 2726 982 2797 equites
989 2725 1101 2780 Romani

309 2811 431 2864 voverunt
442 2807 563 2879 Equestri
572 2806 707 2862 Fortuna:
725 2822 792 2873 nam,
801 2804 851 2859 etsi
862 2802 967 2858 delubra
978 2803 1034 2873 ejus
1047 2803 1101 2857 dea

285 2885 392 2942 2mnita
402 2885 429 2941 in
437 2884 508 2950 urbe,
516 2883 613 2939 nullum
624 2887 710 2938 tamen
719 2881 766 2936 tali
776 2884 943 2954 oognomento
955 2884 1019 2934 erat.
1050 2881 1101 2935 Ee-

309 2968 410 3037 pertum
421 2967 461 3020 est
473 2962 552 3019 edem
563 2979 620 3018 esse
631 2958 700 3032 apud
707 2958 814 3016 Antium
827 2977 883 3030 qnae
895 2957 932 3014 rie
940 2975 1101 3029 nuncupare·
1133 2972 1134 3023 q

1132 3122 1134 3209 i
