2550 3500
125 250 851 295 Ρ--,,,-”

125 315 130 411 l
331 354 380 402 aas
665 354 784 403 rucrrr

125 412 130 435 ⁴¹
953 415 990 463 [Δ.
1000 415 1030 455 Π.
1040 416 1064 455 0.
1076 416 1123 456 818.

125 438 131 535 ,l
306 462 481 535 euehiturque
494 482 600 535 propere
613 462 740 521 Sosianus.
776 467 815 521 Ao
830 464 934 537 vulgato
950 466 1005 536 ejus
1022 465 1124 519 indicio
1148 477 1149 537 J

126 547 132 562 ''
330 540 397 597 inter
415 541 548 595 damnatos
566 541 647 613 magis
666 560 741 613 quam
759 541 827 597 iuter
844 560 901 597 reos
915 542 1026 597 Anteius
1041 542 1124 596 Osto-

308 618 1124 767 ⁶tquttllltiffititttititttlitut?

329 771 400 841 prius
417 771 525 826 Anteius
541 789 574 826 ne
589 790 719 843 supremas
734 771 833 827 tabulas
845 776 992 828 moraretur.
1029 774 1123 843 Atque
1149 824 1150 845 ἶ

329 848 372 902 ille
388 848 480 903 hausto
497 866 601 913 veneno,
619 847 766 903 tarditatem
783 850 837 921 ejus
860 868 965 921 perosus
988 848 1121 904 intercisis

125 931 134 1014 p
286 925 401 985 15veuis
423 928 531 979 mortem
554 926 737 997 approperavit.
785 927 903 981 Ostorius
920 925 1067 998 longinquis
1092 926 1121 980 in

130 995 134 1011 '
329 1001 398 1073 agris
414 1000 482 1072 apud
496 1002 571 1056 finem
586 1000 712 1073 Ligurum
727 1001 754 1057 id
767 1004 888 1075 temporis
904 1007 966 1059 erat.
1002 1002 1042 1058 Eo
1059 1004 1121 1058 mis-

308 1088 375 1135 2sus
390 1078 512 1145 centurio,
529 1077 574 1151 qui
589 1077 682 1133 eudem
698 1078 753 1149 ejus
769 1083 914 1135 maturaret.
949 1080 1033 1135 Causa
1046 1079 1120 1135 festi·
1150 1120 1151 1139 2

330 1154 408 1209 nandi
424 1174 457 1210 ex
473 1173 503 1210 eo
520 1155 650 1211 oriebatur
667 1155 734 1227 quod
757 1156 884 1223 Ostorius,
908 1156 990 1211 multa
1011 1156 1119 1211 militari

330 1232 405 1297 lama,
428 1236 456 1287 et
473 1232 577 1288 civicam
596 1250 715 1288 eoronam
735 1234 803 1305 apud
822 1234 980 1289 Britanniam
999 1234 1117 1299 meritus,

330 1308 427 1380 ingenti
445 1310 557 1381 eorporis
568 1308 680 1380 †robore
697 1329 873 1383 armorumque
890 1310 996 1367 seientia
1018 1315 1117 1365 metum

330 1386 430 1441 Neroni
440 1384 535 1441 fecerat
546 1405 579 1441 ne
590 1385 720 1443 invaderet
731 1388 850 1459 pavidum
862 1406 967 1458 semper,
977 1390 1003 1443 et
1014 1392 1118 1457 reperta
1151 1436 1152 1439 ,

308 1472 411 1534 δηιιρετ
422 1463 593 1535 conjuratione
605 1464 685 1535 magis
697 1465 853 1521 exterritum.
888 1464 975 1537 Igitur
992 1464 1115 1530 oentnrio,
1151 1464 1152 1505 T

331 1540 376 1595 ubi
383 1540 658 1612 effugiavillaeclausit,
666 1541 738 1611 jussa
746 1541 904 1613 imperatoris
914 1540 1016 1596 Ostorio
1025 1542 1115 1612 aperit.

332 1616 360 1672 Is
375 1616 551 1673 fortitudinem
566 1636 633 1689 sepe
646 1617 778 1673 adversum
794 1619 880 1675 hostes
896 1621 1035 1690 spectatam
1046 1618 1074 1673 in
1088 1638 1116 1674 se

309 1694 417 1751 evertit.
452 1694 489 1751 ut
512 1694 573 1767 quia
594 1712 665 1751 venae
689 1713 832 1768 quanquam
855 1696 1003 1767 interrupta
1026 1712 1114 1766 parum
1152 1754 1153 1774 χ

332 1772 462 1844 sanguinis
485 1772 655 1839 effundebant,
679 1773 801 1829 haetenus
824 1792 901 1829 mauu
923 1773 990 1828 servi
1006 1791 1067 1827 usus
1084 1777 1115 1828 ut

332 1850 465 1905 immotum
482 1850 618 1922 pugionem
635 1849 775 1922 extolleret,
787 1851 912 1923 oppressit
928 1850 1042 1906 dextram
1059 1850 1114 1921 ejus

330 1927 469 1999 juguloque
480 1927 598 1982 ooourrit.

186 2045 194 2054 ,
289 2013 326 2068 16
367 2005 453 2060 Etiam
465 2003 487 2058 si
498 2002 564 2059 bella
574 2006 680 2059 externa
692 2007 718 2060 et
727 2005 809 2062 obitas
820 2023 867 2078 pro
875 2023 903 2062 re
915 2004 1015 2076 publiea
1021 2007 1112 2059 mortes

174 2089 179 2097 ’
332 2086 406 2138 tauta
423 2099 528 2137 casuum
548 2081 714 2138 similitudine
734 2101 904 2148 memorarem,
923 2099 1013 2153 meque
1032 2081 1114 2152 ipsum

333 2160 411 2214 satias
422 2159 531 2231 cepisset
542 2158 697 2231 aliorumque
708 2159 813 2215 tedium
823 2163 990 2231 expectarem,
1003 2159 1113 2229 quamvis

333 2235 454 2292 honestos
477 2236 571 2292 civium
593 2236 686 2302 exitus,
710 2237 798 2292 tristes
821 2241 908 2292 tamen
930 2239 957 2291 et
982 2235 1112 2290 oontiuuos

311 2314 529 2386 laspernautium.
564 2315 601 2369 At
621 2332 690 2370 nune
710 2315 834 2386 patientia
850 2314 947 2369 servilis
967 2315 1112 2383 tantumque

332 2393 463 2469 sanguinis
479 2392 547 2448 domi
563 2392 690 2462 perditum
708 2394 819 2466 fatigant
836 2393 946 2448 animum
959 2395 986 2447 et
999 2392 1113 2446 mestitia

333 2471 500 2541 restringunt.
535 2469 628 2539 Neque
647 2470 720 2525 aliam
741 2469 911 2526 defensionem
925 2468 956 2524 ab
975 2468 1007 2523 iis
1025 2469 1111 2540 quibus

332 2547 384 2603 ista
394 2553 531 2603 nosoentur
542 2547 676 2618 exegerim,
689 2565 764 2619 quam
775 2565 808 2603 ue
825 2546 920 2602 oderim
935 2553 989 2601 tam
1006 2546 1112 2618 seguiter

311 2627 475 2697 apereuntes.
510 2624 555 2679 Ita
576 2624 621 2679 illa
642 2624 775 2680 numinum
797 2624 823 2680 in
847 2642 888 2679 res
908 2623 1035 2679 Romanas
1056 2623 1110 2691 luit,

333 2720 409 2774 quam
426 2719 485 2770 non,
505 2703 536 2756 ut
554 2701 582 2756 in
602 2700 715 2758 cladibus
734 2701 892 2757 exercituum
910 2703 956 2756 aut
971 2700 1110 2771 captivitate

310 2779 441 2845 surbium,
449 2778 526 2834 semel
538 2777 606 2833 edito
615 2778 799 2834 transirelieet.
835 2777 1110 2834 Deturhoeillustrium

332 2856 443 2911 virorum
461 2855 613 2927 posteritati,
625 2858 665 2921 ut,
677 2855 801 2926 quomodo
817 2855 932 2926 exequiis
944 2873 960 2909 a
976 2854 1110 2925 promiscua

332 2933 463 3005 sepultura
485 2935 642 3006 separantur,
666 2933 704 2988 ita
726 2933 754 2988 iu
776 2933 913 2990 traditione
942 2949 1109 3004 supremorum
