2550 3500
197 422 216 461 Δ
233 419 251 458 D
269 419 312 467 61]
388 355 584 404 ANNALIUM
602 356 673 404 xlv.
693 357 795 404 32-36.
942 358 986 405 821

196 469 286 523 astitit.
323 469 359 523 At
382 468 564 523 Britannorum
591 468 670 539 oopiae
693 466 787 538 passim
811 484 856 537 per
877 470 1013 522 catervest

196 550 222 601 et
242 550 340 599 turmas
359 545 517 607 exultabant,
539 549 635 616 quauta
651 563 703 599 non
720 544 782 599 alias
799 542 944 609 multitudo,
963 547 990 597 et

196 623 278 678 animo
298 623 362 677 adeo
383 622 446 687 fero,
465 626 496 677 ut
517 622 638 693 conjuges
659 640 760 693 quoque
780 621 860 677 testes
879 620 991 677 uictoria

196 719 282 755 secum
301 700 432 755 traherent
452 699 623 770 plaustrisque
644 700 810 771 imponerent,
832 716 888 769 quae
912 716 989 768 super

137 827 140 906 t
195 781 339 926 tillut
349 777 482 909 {titt
496 776 1035 925 iiliapiiiimiitunlilltiiilii³⁵

482 897 490 919 2
981 894 990 919 θ

196 933 300 987 solitum
312 930 414 1003 quidem
425 931 557 987 Britannis
573 931 723 987 feminarum
741 932 821 987 ductu
838 930 930 987 bellare
942 935 991 985 tes·

137 1055 138 1058 ,
196 1010 315 1065 tabatur:
334 1008 380 1063 sed
396 1012 459 1063 tunc
477 1026 530 1063 non
540 1013 570 1063 ut
586 1009 666 1064 tantis
684 1010 821 1079 majoribus
838 1014 920 1066 ortam
935 1026 992 1079 reg-

196 1106 259 1141 num
270 1089 297 1140 et
309 1103 379 1156 opes,
391 1104 480 1141 rerum
495 1090 525 1140 ut
543 1104 620 1140 uuam
635 1104 651 1141 e
667 1086 744 1157 vulgo
759 1086 902 1141 libertatem
918 1086 992 1141 amis·

197 1181 259 1227 sam,
268 1162 413 1217 confectum
421 1162 568 1218 verberibus
581 1181 680 1233 corpus,
691 1167 873 1219 contrectatam
884 1163 992 1217 filiarum

137 1291 138 1308 2
199 1238 348 1310 pudicitiam
355 1238 450 1294 ulcisci.
487 1240 527 1295 Eo
538 1245 671 1310 provectas
682 1241 853 1295 Romanorum
862 1240 1014 1311 cupidinest

197 1320 228 1370 ut
245 1333 297 1369 non
309 1333 421 1387 corpora,
437 1334 469 1371 ne
487 1319 615 1372 senectam
631 1316 732 1388 quidem
750 1322 795 1372 aut
811 1317 990 1388 virginitatem,

195 1393 356 1464 impollutam
372 1394 524 1465 relinquant
559 1394 658 1451 Adesse
673 1399 760 1451 tamen
777 1395 837 1451 deos
850 1398 928 1466 justae
940 1396 1014 1450 vin-3

198 1470 288 1527 dictae:
313 1470 432 1526 cecidisse
449 1471 575 1543 legionem
592 1490 649 1541 quae
666 1472 780 1543 praelium
798 1490 860 1527 ausa
876 1472 926 1538 sit;
951 1489 991 1525 ce·

197 1553 268 1603 tenos
289 1549 380 1604 castris
400 1548 523 1603 occultari
544 1552 589 1603 aut
607 1551 695 1621 fugam
714 1549 912 1619 circumspicere.
950 1548 1014 1603 Nat

198 1625 335 1697 strepitum
364 1625 466 1697 quidem
490 1629 517 1681 et
540 1625 675 1682 clamorem
698 1630 738 1681 tot
762 1625 874 1691 millium,
899 1624 992 1680 nedum

196 1702 309 1776 impetus
326 1706 354 1759 et
370 1721 461 1758 manus
484 1702 634 1775 perlatmos.
672 1704 700 1760 Si
723 1702 807 1776 copias
831 1707 1014 1770 armatorumt

199 1783 222 1836 si
234 1800 323 1837 causas
338 1781 399 1837 belli
416 1800 503 1836 secum
518 1780 697 1852 expenderent,
715 1781 865 1838 viucendum
881 1781 923 1836 illa
939 1782 992 1837 acio

199 1859 240 1914 rel
263 1859 404 1915 cadendum
421 1877 485 1914 csse,
521 1859 554 1913 Id
571 1859 672 1915 mulieri
689 1859 859 1914 destinatum:
877 1860 992 1916 viverent

198 1935 248 1992 viri
265 1941 292 1992 et
309 1937 441 1993 servirent.
476 1937 519 1992 Ne
537 1937 675 1992 Suetonius
693 1937 795 2008 quidem
811 1937 839 1992 in
853 1941 926 1992 tanto
943 1937 991 1992 dis·
1000 1935 1037 1990 36

199 2013 305 2069 crimine
322 2014 420 2069 edebat.
457 2013 612 2085 Quanquam
630 2014 767 2070 confideret
790 2014 888 2082 virtuti,
908 2023 994 2068 tamen

199 2091 388 2146 exhortationes
405 2094 433 2146 et
449 2109 537 2163 preces
556 2091 686 2158 miscebat,
705 2103 736 2146 ut
755 2095 902 2162 spernerent
920 2109 994 2145 sono-

198 2187 241 2224 res
256 2167 421 2222 barbarorum
436 2173 464 2223 ct
481 2168 568 2224 inanes
579 2170 669 2224 minas.
704 2168 767 2224 Plus
783 2168 834 2223 illic
845 2168 1015 2240 femmarumn

199 2263 276 2318 quam
290 2244 433 2316 juventutis
445 2245 540 2316 aspici:
560 2245 682 2311 imbelles,
695 2245 804 2300 inermes
816 2263 931 2300 cessuros
944 2249 993 2300 sta-

137 2348 138 2396 p
198 2324 255 2392 tim,
272 2321 318 2376 nbi
340 2321 436 2377 fermm
456 2322 630 2394 virtutemque
653 2323 810 2378 vincentium
826 2323 922 2378 totiens
942 2323 994 2378 fusi

198 2399 371 2474 agnovmsent.
406 2399 493 2454 Etiam
512 2400 540 2454 in
560 2399 648 2454 multis
667 2398 810 2472 legionibus
830 2417 931 2470 paucos,
950 2401 1016 2472 qui⁸

197 2477 286 2551 praelia
296 2475 477 2548 profligarentj
495 2477 633 2550 gloriaque
646 2495 735 2532 eorum
751 2495 912 2534 accessurum
925 2478 994 2550 quod

198 2555 300 2611 modica
314 2572 405 2608 manus
416 2553 528 2612 universi
540 2555 668 2610 exercitus
680 2555 772 2610 lamam
784 2553 993 2626 adipiscerentur.

137 2690 138 2707 1
200 2630 318 2688 Conserti
339 2635 441 2686 tantum
463 2635 491 2686 et
509 2632 567 2704 pilis
589 2631 696 2698 emissis,
718 2635 776 2703 post
796 2633 948 2688 umbonibus
968 2636 1017 2688 etl

200 2709 292 2782 gladiis
307 2712 419 2780 stragem
436 2708 581 2781 caedemque
597 2709 783 2776 continuarent,
802 2712 894 2782 preadae
910 2711 995 2764 imme·

201 2805 299 2841 mores:
323 2789 398 2857 parta
414 2785 521 2841 victoria
538 2789 632 2842 cuncta
648 2787 711 2858 ipsis
729 2805 838 2842 cessura.
876 2787 904 2842 Is
922 2785 1017 2844 ardoro

201 2863 279 2920 verba
289 2862 361 2919 ducis
380 2863 541 2935 sequebatur,
551 2864 590 2920 ita
604 2883 632 2920 se
655 2864 687 2919 ad
702 2863 870 2935 intorquenda
885 2863 936 2934 pila
951 2880 996 2918 ex·

202 2940 315 3013 pedierat
333 2944 408 2998 uetus
427 2941 501 2998 miles
521 2945 548 2998 ot
565 2942 648 2998 multa
667 2941 812 3014 proeliouum
832 2940 994 3013 experientia,

226 3029 375 3071 rau.,rorr.r.
585 3035 603 3074 Υ
