2550 3500
297 376 342 425 128
624 375 745 424 TACITI

925 438 960 487 [r.
968 437 994 476 o.
1002 438 1024 476 c.
1035 435 1084 480 ras.

272 492 326 541 2ex
337 486 487 557 posteritate
498 490 525 541 et
536 486 639 541 infamia
655 491 739 542 metus
751 487 793 543 sit.
829 487 950 542 Ceterum
965 495 1087 557 tempora

293 564 336 619 ille
359 564 420 619 adeo
444 563 539 619 infecta
561 568 588 621 et
606 564 749 620 adulatione
767 564 868 619 sordida
884 564 963 629 fuere,
981 569 1011 618 ut
1029 582 1087 619 nun
1141 581 1146 698 p

293 640 368 695 modo
380 640 502 711 primores
516 640 634 706 civitatis,
648 642 741 713 quibos
751 642 875 697 claritudo
892 660 939 695 sna
953 640 1086 712 obsequiis

294 710 450 782 protegenda
473 713 535 775 erat,
554 710 599 765 sed
622 729 710 767 omnes
732 712 883 776 consulares,
907 728 999 785 magna
1021 728 1087 781 pars

295 806 382 842 eorum
394 787 437 859 qui
448 791 560 858 praetura
570 787 660 853 iuneti,
673 788 797 863 multique
814 788 892 843 etiam
901 787 998 859 pedarii
1009 805 1089 843 sena-

294 867 371 931 tores,
380 864 496 919 certatim
504 869 678 937 exsurgerent,
689 865 806 937 foedaque
814 870 841 921 et
852 866 930 921 nimia
941 869 1087 921 censerent.

274 940 426 997 aMemoriae
436 940 553 1012 proditur
561 941 698 1008 Tiberium,
708 943 825 1015 quotiens
832 943 903 999 curia
911 942 1088 1016 egrederetur,

296 1018 391 1073 Graecis
399 1018 482 1073 verbis
494 1018 522 1073 in
533 1017 601 1073 hunc
612 1019 716 1074 modum
724 1020 809 1089 eloqui
820 1021 931 1088 solitum,
942 1020 991 1074 “0
1003 1019 1087 1075 homi-

273 1106 341 1153 4nes
359 1094 391 1149 ad
408 1095 557 1153 servitutem
574 1100 676 1168 paratos
686 1097 711 1151 !’'
731 1097 832 1153 Scilicet
850 1097 926 1152 etiam
944 1096 1022 1162 illum,
1039 1098 1089 1169 qni

296 1171 438 1228 libertatem
456 1172 582 1244 publicam
599 1172 686 1239 nollet,
704 1177 759 1230 tam
775 1174 896 1245 projectae
919 1172 1089 1229 servientium

253 1249 425 1321 66patientire
448 1248 565 1307 tradebat.
601 1250 728 1307 Paulatim
751 1248 842 1307 dehinc
859 1250 892 1306 ab
909 1250 1034 1310 indecoris
1052 1251 1089 1306 ud

275 1326 390 1385 2infesta
412 1326 671 1398 transgrediebantur.
719 1327 749 1383 O.
766 1327 879 1383 Silanum
908 1326 1089 1399 proconsulem

297 1406 373 1471 Asiae,
397 1404 596 1477 repetundarum
619 1424 635 1460 a
658 1406 734 1462 sociis
751 1406 916 1481 postulatum,
937 1406 1090 1462 Mamercus

298 1483 434 1539 Scauruse
450 1482 630 1549 consularibus,
644 1483 662 1537 J
662 1484 738 1539 unius
755 1482 826 1539 Otho
836 1486 937 1554 pretor,
950 1482 1089 1538 Brutidius

297 1560 380 1631 Niger
402 1559 482 1617 addis
499 1559 576 1619 simul
599 1560 747 1631 corripiunt,
765 1560 947 1633 objectantque
962 1560 1089 1615 violatum

298 1638 410 1708 Augusti
421 1655 522 1703 numen,
531 1640 643 1709 spretam
650 1638 745 1694 'liberii
753 1638 911 1711 majestatem
921 1657 929 1703 ;
940 1637 1091 1693 Mamercus

298 1714 403 1786 antiqua
414 1714 528 1786 exempla
535 1714 638 1787 jaciens,
649 1714 681 1772 Is.
692 1716 793 1774 Cottam
806 1714 948 1787 aSeipione
956 1714 1088 1782 Africano,

300 1793 415 1848 Servium
433 1791 539 1848 Galbam
554 1792 681 1849 aOatone
698 1794 819 1860 censorio,
832 1794 862 1848 P.
876 1793 1002 1848 Rutilium
1014 1812 1031 1847 a
1046 1793 1089 1849 M.

278 1871 402 1937 adosare,
414 1873 554 1924 accusatos.
592 1869 716 1926 Videlicet
729 1871 813 1943 Scipio
824 1875 851 1926 et
863 1866 929 1926 Cato
939 1869 1002 1925 talia
1011 1869 1093 1926 uleis-

300 1945 428 2012 cebantur,
437 1950 482 2002 aut
494 1946 536 2002 ille
548 1945 666 2012 Scaurus,
677 1966 760 2020 quem,
768 1967 891 2020 proavum
904 1965 986 2016 suum,
998 1965 1092 2018 oppro-

300 2024 383 2080 brium
394 2024 517 2095 majorum
534 2023 681 2080 Mamercus
696 2025 784 2082 infami
802 2043 879 2098 opera
895 2023 1092 2085 dehonestabat.

278 2101 377 2158 4Junio
389 2100 486 2158 Othoni
494 2100 646 2159 litterarium
654 2101 742 2159 ludum
752 2121 869 2160 exercere
880 2107 955 2158 vetus
967 2120 1009 2157 ars
1020 2101 1091 2158 fuit:

300 2198 360 2236 mox
378 2179 463 2254 Sejani
476 2177 591 2250 potentia
602 2183 712 2245 senator,
729 2180 838 2237 obscura
848 2179 922 2235 initia
937 2177 1093 2252 impudenti·

279 2258 348 2317 abus
366 2257 434 2314 ausis
446 2259 464 2324 †
478 2255 660 2328 propolluebat.
695 2256 843 2314 Brutidium
860 2256 958 2312 artibus
975 2255 1093 2312 honestis

301 2335 429 2404 copiosum
447 2337 482 2399 et,
504 2332 526 2388 si
545 2337 646 2388 rectum
665 2334 716 2390 iter
734 2337 875 2406 perageret,
898 2333 931 2388 ad
951 2333 1094 2390 clarissima

301 2429 407 2482 quaeque
429 2410 526 2465 iturum
549 2409 680 2466 festinatio
700 2410 875 2478 extimulabat,
892 2409 954 2466 dum
971 2410 1092 2482 aquales,
1142 2450 1144 2453 -

301 2487 360 2542 dein
377 2487 526 2559 superiores,
544 2491 673 2559 postremo
690 2495 802 2543 suasmet
824 2488 880 2559 ipse
903 2506 969 2560 spes,
993 2487 1094 2544 antehc

279 2567 381 2637 operat.
418 2563 495 2623 Quod
512 2563 606 2620 multos
630 2564 707 2622 etiarn
724 2564 803 2620 bonos
821 2561 924 2636 pessum
940 2563 1020 2630 dedit,
1038 2566 1094 2636 qui,
1141 2542 1144 2695 Ι

303 2641 394 2713 spretis
411 2659 466 2712 que
481 2639 555 2696 tarda
571 2659 629 2698 cum
645 2639 789 2707 securitate,
806 2646 960 2713 praematura
975 2641 1018 2697 uel
1033 2660 1095 2698 eum
1141 2700 1142 2705 .

258 2721 381 2782 67exitio
395 2722 539 2791 properent.
574 2720 678 2775 Auxere
692 2738 825 2776 numerum
842 2724 1020 2777 accusatorum
1034 2722 1097 2778 Gel-
1141 2720 1142 2777 ἒ

303 2800 352 2856 lius
368 2794 499 2852 Publicola
515 2799 542 2851 et
558 2795 596 2852 M.
611 2797 746 2863 Paconius,
762 2797 805 2853 ille
821 2801 933 2870 questo
947 2797 1034 2865 Silani,
1050 2797 1097 2854 hic

282 2879 410 2950 2legatus.
446 2873 503 2930 Nec
515 2872 620 2930 dubium
631 2873 779 2941 habebatur,
795 2875 899 2932 sevitia
910 2879 1097 2948 captarumque

304 2955 467 3028 pecuniarum
475 2951 557 3010 teneri
568 2970 655 3008 reum:
673 2951 719 3010 sm
727 2953 809 3010 multa
819 2951 1006 3024 suggerebantur
1015 2953 1096 3010 etiam
