2550 3500
135 363 299 497 lanua
393 386 589 435 1111111011
607 386 656 434 xr.
672 388 774 435 11-11.
927 360 1021 435 1111(3

183 499 296 553 conscios
309 498 379 569 paria
395 499 545 551 metuentes.
583 498 615 553 Se
633 496 753 562 calibem,
766 496 864 563 orbum,
877 498 973 568 nuptiis

132 568 133 613 3
182 578 208 629 et
221 574 363 644 adoptando
380 572 528 629 Britannico
546 579 669 645 paratum.
705 576 853 629 Mansuram
869 574 974 629 eandem

180 650 327 705 Messalinae
344 650 491 722 potentiam,
509 649 595 707 addita
610 652 753 716 securitate,
769 652 791 706 si
807 652 973 722 prevenirent

141 689 143 758 l
181 726 324 793 Claudium,
337 731 368 782 ut
379 724 476 781 insidiis
488 726 625 793 incautum,
635 728 673 783 ita
683 729 876 799 irreproperum.
913 729 996 799 Sag-5

179 806 249 859 niter
261 823 297 860 eae
311 822 385 861 voces
402 808 518 875 acceptae,
531 824 582 859 non
598 824 683 861 amore
700 807 728 861 in
745 807 870 871 maritum,
884 805 929 860 sed
940 824 973 860 ne

181 882 260 937 Silius
278 900 377 937 summa
396 882 503 953 adeptus
522 888 653 953 sperneret
670 883 818 950 adulteram,
841 883 973 953 scelusque

179 961 250 1015 inter
271 959 389 1030 ancipitia
408 958 542 1031 probatum
560 960 627 1015 veris
645 978 704 1014 mox
721 961 810 1031 pretiis
828 960 937 1015 aestimer
952 964 971 1015 1.

179 1038 284 1091 Nomen
300 1040 385 1090 tamen
396 1035 549 1091 matrimonii
566 1037 711 1107 concupivit
725 1037 757 1092 ob
774 1036 996 1109 magnitudinemo

178 1114 299 1181 infamia,
320 1114 393 1186 cujus
412 1113 479 1185 apud
496 1114 614 1186 prodigos
631 1116 768 1170 novissima
785 1117 903 1187 voluptas
924 1119 971 1171 est.

179 1192 240 1247 Nec
252 1192 320 1247 ultra
331 1196 463 1261 expectato
472 1208 547 1261 quam
559 1191 620 1245 dum
632 1193 747 1247 sacrificii
758 1193 841 1263 maiia
852 1192 996 1253 Claudius?

179 1270 283 1324 Ostiam
299 1268 505 1339 proficisceretur,
519 1273 610 1323 cuncta
627 1271 774 1340 nuptiarum
792 1269 913 1324 sollennia
933 1287 971 1325 ce·

132 1398 133 1401 ,
178 1349 272 1403 lebrat.
308 1347 387 1402 Haud
398 1366 455 1402 sum
463 1346 566 1417 ignarus
574 1348 717 1403 fabulosum
728 1349 973 1414 visumiritantum
982 1346 1018 1404 27

179 1426 241 1479 ullis
263 1424 407 1479 mortalium
426 1424 569 1479 securitatis
590 1425 670 1480 fuisse
688 1425 716 1479 in
735 1425 838 1479 civitate
861 1425 973 1479 omnium

179 1520 263 1573 gnara
283 1505 309 1555 et
328 1500 390 1555 nibil
407 1500 537 1565 reticente,
556 1500 650 1556 nedum
668 1502 795 1557 consulem
813 1501 974 1573 designatum

180 1598 241 1633 cum
257 1596 337 1633 uxore
355 1577 483 1649 principis,
498 1577 619 1647 praedicta
633 1578 681 1644 die,
699 1578 818 1633 adhibitis
834 1581 878 1649 qui
890 1578 974 1649 obsig-

179 1658 281 1721 narent,
304 1654 375 1709 velut
398 1654 615 1725 suscipiendorum
635 1656 771 1711 liberorum
790 1674 866 1711 causa
886 1674 974 1710 conve·

179 1732 269 1798 nisse3
294 1734 371 1802 atque
391 1730 460 1786 illam
478 1730 578 1786 audisse
596 1732 728 1804 auspicum
744 1732 829 1798 verba,
847 1732 974 1804 tsubisse

182 1809 336 1880 (suffusd),
363 1809 518 1864 sacrifictsse
541 1809 609 1880 apud
629 1810 705 1877 deos3
733 1810 885 1866 discubitum
907 1811 974 1866 inter

180 1886 319 1952 convivas3
344 1885 437 1952 oscula,
456 1885 601 1956 complexus
611 1909 618 1953 ;
642 1892 744 1943 noctem
764 1888 872 1959 denique
890 1892 973 1942 actam

179 1963 425 2035 licentiaconjugali.
463 1962 759 2035 Sednihilcompositum
767 1965 972 2030 miraculicansa,

180 2059 272 2094 verum
296 2039 383 2115 andita
405 2039 549 2110 scriptaque
573 2041 717 2097 senioribus
740 2041 846 2096 tradam,
889 2041 1018 2111 Igitur28

181 2116 273 2171 domus
291 2116 411 2188 principis
434 2117 610 2184 inhorruerat3
638 2119 796 2188 maximeque
815 2135 877 2188 quos
896 2135 972 2187 penes

180 2193 298 2264 potentia
308 2198 342 2260 et,
351 2195 374 2250 si
385 2213 426 2249 res
437 2199 604 2260 verterentur,
618 2195 733 2260 formido,
746 2213 797 2249 non
805 2194 858 2266 jam
870 2194 973 2248 secretis

180 2269 320 2340 colloquiis,
338 2271 383 2326 sed
400 2276 486 2342 aperte
503 2271 627 2338 fremere3
646 2272 706 2326 dum
724 2271 814 2326 histrio
830 2270 973 2326 cubiculum

180 2347 303 2418 principis
325 2347 505 2418 †exultabero,
531 2348 641 2403 dedecus
667 2348 768 2418 quidem
797 2347 903 2412 illatum,
928 2347 974 2402 sed

180 2424 308 2480 excidium
319 2425 407 2496 procul
416 2425 541 2480 abfuisse:
554 2444 623 2481 nunc
633 2425 752 2497 juvenem
763 2423 879 2490 nobilem,
893 2424 973 2495 digni-

180 2505 236 2556 tate
252 2500 348 2567 formsa,
360 2502 387 2558 vi
397 2503 489 2558 mentis
502 2521 531 2558 ac
544 2503 684 2574 propinquo
696 2501 839 2566 consulatu,
852 2502 973 2573 majorem

180 2577 214 2632 nd
232 2595 305 2649 spem
324 2579 435 2651 accingi3
453 2597 501 2634 nec
515 2579 582 2636 enim
601 2579 737 2645 occultum,
758 2577 819 2649 quid
838 2583 897 2648 post
920 2579 972 2633 tale

180 2655 371 2710 matrimonium
395 2661 545 2727 superesset.
582 2657 689 2712 Subibat
713 2657 767 2711 sine
790 2655 867 2711 dubio
889 2660 995 2710 metus2

179 2735 330 2804 reputantes
347 2732 464 2788 hebetem
478 2733 613 2789 Claudium
625 2739 651 2789 et
663 2734 737 2789 uxori
749 2733 900 2798 devinctum,
910 2731 973 2786 mul-

132 2879 133 2886 *
179 2814 273 2880 tasque
287 2813 382 2864 mortes
396 2809 470 2880 jussu
485 2810 629 2866 Messalinae
644 2815 764 2882 patratas.
800 2811 901 2866 Rursus
917 2810 994 2878 ipsas

131 2889 133 2944 1
180 2886 291 2942 facilitas
308 2885 467 2956 imperatoris
481 2885 598 2942 fiduciam
615 2888 698 2954 dabat,
711 2889 734 2944 si
746 2888 879 2943 atrocitate
891 2883 972 2939 crimi-

132 2977 133 2996 ¹
180 2963 221 3022 nis
233 2962 434 3036 prouoluissent,
447 2981 522 3035 posse
537 2965 645 3036 opprimi
662 2966 806 3022 damnatam
820 2967 880 3018 ante
896 2979 973 3034 quam
