2550 3500
385 370 580 419 ANNALIUM
596 370 659 420 xla
678 373 781 420 45-48.
927 373 975 426 257

135 398 136 463 l
182 434 212 473 A.
221 434 248 473 D.
257 432 299 483 tl]

183 482 322 554 egreditur.
356 482 397 537 Ao
413 481 494 554 primo
512 482 694 539 Rhadamistns
716 483 745 539 in
766 485 900 557 amplexus
919 479 1020 557 ejus47

184 562 289 625 effusus,
307 559 596 631 simulareobsequium,
613 578 728 616 sooerum
742 580 772 617 ae
786 567 915 634 parentem
932 581 975 634 ap·

183 637 287 709 pellere.
322 635 418 707 Adjicit
436 636 479 708 jos
495 636 637 708 jurandum,
655 656 707 693 non
723 639 798 708 ferro,
809 658 862 695 non
879 658 975 696 veneno

184 716 239 771 vim
262 713 404 769 allaturum.
442 713 524 769 Simul
540 713 568 768 in
584 714 670 769 laeum
693 717 863 789 propinquum
886 718 996 783 trahite

184 791 316 864 provisum
332 790 384 846 illie
401 790 550 847 saerifleium
566 790 720 862 imperatum
737 794 865 860 dictitans,
887 799 917 850 ut
936 794 975 850 dis

185 867 297 925 testibus
312 886 363 939 pax
373 868 523 923 firmaretur.
559 868 619 923 Mos
635 873 675 924 est
690 872 801 943 regibus,
817 873 934 944 quotiens
949 872 1000 929 int

186 946 335 1001 societatem
346 949 443 1011 ootant,
457 945 585 1016 implicare
595 946 697 1002 dextras
709 948 861 1021 pollicesque
870 951 977 1005 interae

185 1023 284 1083 vineire
294 1022 409 1094 nodoque
420 1024 612 1094 prestringere:
631 1042 693 1079 mox
700 1026 856 1099 nbisanguis
866 1028 894 1082 iu
905 1033 976 1083 artus

186 1104 316 1156 exuemus
337 1099 478 1169 suffuderit,
498 1100 548 1155 leri
571 1100 626 1156 ictu
645 1120 762 1158 eruorem
779 1105 883 1160 elioinnt
900 1109 976 1176 atque

186 1178 297 1233 invieem
316 1177 438 1233 lambunt.
473 1177 507 1233 Id
526 1178 609 1233 fredus
632 1198 751 1235 atomum
774 1182 882 1237 habetur
904 1182 976 1253 quasi

135 1250 136 1289 ³
177 1258 279 1311 mutuo
298 1272 386 1309 eruore
407 1258 541 1309 sacratum.
577 1255 627 1310 Sed
645 1263 708 1313 tuno
727 1258 771 1329 qui
789 1277 821 1314 ea
834 1259 915 1315 neca
932 1258 999 1313 rad-4

188 1330 315 1397 movebat,
329 1330 451 1387 deeidisse
463 1332 591 1397 simulans,
603 1352 689 1404 genua
705 1336 863 1391 Mithridatis
879 1336 977 1392 invadit

188 1411 324 1480 ipsamque
335 1409 488 1480 prosternit;
506 1410 631 1481 simulque
642 1429 767 1467 oonenrsu
778 1413 887 1484 plurium
898 1414 977 1483 injici·

189 1490 270 1541 untur
282 1488 384 1542 catenae.
416 1488 458 1542 Ae
466 1487 586 1559 compede
596 1488 676 1559 (quod
687 1488 837 1545 dedeoorum
844 1490 999 1559 barbarian

189 1563 354 1631 trahebatur;
384 1582 493 1635 moxque
515 1564 615 1636 vulgus,
640 1566 704 1620 duro
727 1567 832 1639 imperio
854 1567 975 1633 habitum,

190 1640 322 1713 probrare
333 1640 438 1697 verbera
452 1641 601 1697 intentabat.
636 1642 673 1697 Et
683 1647 755 1698 erant
769 1648 858 1699 eontra
868 1646 910 1715 qui
923 1650 999 1703 tame

135 1716 137 1790 l
190 1719 366 1775 tamlortuna
378 1719 600 1776 commutationem
611 1719 799 1778 miserarentur.
835 1723 977 1794 Seeutaque

191 1816 251 1854 eum
262 1799 346 1870 parvis
357 1799 443 1854 liberis
459 1803 552 1870 eonjux
570 1803 663 1855 ennete
678 1801 856 1858 lamentatione
872 1803 978 1874 eomple-

191 1877 245 1932 bat.
280 1875 394 1932 Diversis
418 1879 445 1932 et
468 1877 591 1932 eonteelis
615 1878 736 1934 vehiculis
758 1880 893 1945 abduntur,
917 1879 999 1941 dumr

192 1953 370 2008 Pharasmanis
390 1953 462 2024 jussa
484 1953 684 2025 exquirerentur.
727 1956 770 2011 Illi
792 1957 884 2028 eupido
906 1957 979 2028 regni

193 2032 273 2086 lratre
298 2035 325 2086 et
348 2031 399 2086 filia
421 2030 512 2102 potior,
537 2031 686 2104 animusque
708 2034 844 2090 eoeleribns
866 2043 978 2106 paratus.

193 2108 270 2164 Visni
280 2111 367 2164 tamen
377 2108 516 2174 consuluit.
524 2127 557 2164 ne
568 2127 652 2164 eoram
668 2110 829 2167 interficeret.
861 2111 898 2166 Et
906 2111 1003 2178 Rha-s

193 2185 326 2252 damietae,
345 2186 417 2257 quasi
430 2185 495 2258 juris
509 2185 610 2257 jurandi
626 2205 729 2254 memor,
743 2207 795 2243 non
810 2189 912 2254 ferrum,
928 2208 981 2244 non

193 2281 320 2319 venenum
331 2262 359 2318 in
369 2281 481 2318 summm
490 2267 644 2334 etpatruum
655 2266 787 2336 expromit,
800 2265 845 2320 sed
854 2266 980 2338 projectos

193 2340 222 2396 in
232 2341 339 2396 humum
350 2343 376 2395 et
388 2343 459 2395 veste
470 2339 551 2395 mrulta
562 2341 683 2412 gravique
693 2347 795 2412 opertos
806 2348 888 2398 necat.
923 2343 1004 2407 llliio

136 2467 138 2536 r
575 2417 1029 2570 inunt

194 2572 325 2645 proditum
352 2572 521 2628 Mithridaten
543 2575 571 2630 et
593 2591 701 2645 regnum
724 2573 756 2629 ab
778 2575 983 2632 interfectoribus

195 2650 313 2716 obtineri,
326 2653 399 2708 voeat
411 2650 550 2719 eonsilium,
562 2649 636 2705 donet
648 2654 713 2717 aeta,
726 2655 753 2707 at
770 2670 803 2708 an
820 2653 984 2708 uleisemetur

196 2729 332 2785 oonsultat.
368 2728 460 2784 Paucis
477 2728 554 2784 deone
570 2728 699 2800 publionm
716 2747 802 2796 eure3
824 2731 910 2802 plures
925 2736 984 2785 tuta

197 2806 333 2862 disserunt.
370 2806 451 2861 Omne
469 2807 550 2862 seelue
564 2811 699 2862 externum
714 2826 773 2864 eum
787 2807 878 2864 laetitia
893 2808 1010 2864 liabent

137 2919 138 2932 ,
197 2883 274 2951 dum;
292 2883 389 2940 semina
400 2884 475 2938 etiam
485 2883 599 2940 odiorum
609 2884 731 2957 jacienda,
742 2891 773 2941 ut
784 2904 851 2957 saepe
859 2884 985 2956 principes

198 2961 308 3018 Romani
319 2960 424 3016 eandem
432 2961 681 3034 Armeniamspeeie
691 2963 840 3036 largitionis,
853 2960 986 3018 turbandis

586 3056 599 3094 s

197 3081 199 3088 ,
222 3049 280 3088 nc„
289 3051 345 3086 10¹.
354 3053 364 3084 Ι
