2550 3500
269 357 300 405 56
609 361 729 409 TAClTl

912 423 937 461 Δ.
947 422 975 462 U.
984 423 1008 462 0.
1016 421 1068 465 'ltd-

229 467 263 522 15
272 471 338 526 rcnt.
373 469 518 526 Orationem
529 469 601 526 ducis
613 476 717 527 secutus
733 472 844 527 militum
855 421 937 534 urdbr,
949 473 1068 544 signum-

244 561 318 619 aque
330 566 421 620 pugnae
433 546 528 604 datum.
564 548 621 604 Nec
632 549 763 606 Arminius
779 552 825 604 aut
837 549 915 603 ceteri
927 550 1068 604 Germano-

268 643 326 680 rum
338 642 454 694 proceres
471 625 622 680 omittebant
634 645 694 682 suos
710 626 818 697 quisque
833 625 931 690 testari,
944 625 991 681 hos
1007 646 1068 682 esse

267 701 397 757 Romanos
409 701 514 756 Variani
526 703 655 758 exercitus
673 703 856 775 fugacissimos,
868 703 915 774 qui
925 703 1067 759 nobellum

267 779 413 844 tolerarent,
433 778 583 834 seditionem
603 779 748 847 induerint3
768 799 875 851 quorum
892 799 951 851 pars
969 786 1066 836 onusta

267 855 413 910 vulneribus
437 859 517 928 terga,
530 875 589 928 pars
601 857 722 913 fiuctibus
738 862 765 912 ct
781 857 896 928 procellis
912 857 1007 916 fractos
1025 877 1065 913 ar-

266 937 310 987 tus
333 932 438 987 infensis
459 952 561 987 rursum
584 933 709 1000 hostibus,
731 935 843 989 adversis
867 935 909 989 dis
932 935 1063 1006 objiciant,
1138 1000 1140 1011 Ι

242 1009 336 1066 3nulla
352 1009 412 1065 boni
430 1028 482 1082 spe.
520 1010 633 1066 Classem
650 1013 744 1084 quippe
761 1023 788 1066 et
805 1013 861 1066 avia
880 1013 976 1067 Oceani
994 1033 1064 1084 quae-
1138 1038 1140 1047 ·

266 1087 324 1153 sita,
341 1106 373 1142 nc
391 1088 448 1158 quis
466 1087 625 1144 uenientibus
643 1092 795 1154 occurreret,
812 1107 845 1144 nc
863 1089 949 1160 pulsos
965 1107 1063 1159 preme·

266 1169 321 1219 ret:
341 1163 386 1219 scd
402 1164 445 1220 ubi
464 1165 611 1220 miscuerint
628 1185 726 1232 manus,
743 1167 818 1221 inane
835 1165 910 1221 victis
925 1172 1063 1221 ventorum

242 1245 424 1297 lremorumve
447 1241 594 1297 subsidium.
638 1243 817 1298 Meminisseut
840 1243 915 1298 modo
939 1245 1060 1310 avaritia,

265 1318 431 1384 crudelitatis,
444 1319 583 1390 superbia:
602 1319 671 1374 aliud
682 1320 731 1375 sibi
742 1320 868 1392 reliquum
880 1339 956 1392 qnam
972 1325 1061 1376 tenere

220 1395 407 1452 ldlibentatem
424 1401 470 1452 aut
487 1397 552 1454 mori
569 1401 628 1452 ante
647 1398 797 1453 servitium?
834 1398 876 1453 Sic
896 1417 1020 1454 accensos<
1033 1405 1060 1454 et

264 1473 380 1545 praelium
398 1479 531 1545 poscentes
549 1475 576 1530 in
593 1493 718 1546 campum,
738 1475 780 1530 cui
802 1474 941 1530 Idistaviso
957 1495 1058 1542 nomen,

238 1550 400 1606 2deducunt.
436 1551 464 1607 Is
481 1552 579 1608 medius
596 1552 664 1608 inter
674 1553 808 1624 Visurgim
819 1557 845 1608 et
857 1553 942 1618 colles,
955 1557 985 1608 ut
997 1555 1059 1625 ripae

263 1629 374 1684 fluminis
387 1629 480 1685 cedunt
497 1634 542 1684 aut
556 1630 725 1702 prominentia
735 1630 860 1685 montium
876 1632 1007 1697 resistunt,
1020 1633 1059 1687 in·

238 1707 392 1779 acqualiter
404 1707 528 1765 sinuatur.
564 1709 634 1765 Pone
649 1711 751 1781 tergum
763 1707 911 1781 insurgebat
922 1709 994 1776 silva,
1007 1709 1058 1766 edi·

261 1786 296 1841 tis
309 1786 336 1840 in
347 1786 427 1840 altum
444 1786 520 1841 ramis
533 1789 559 1841 et
571 1806 635 1858 pura
646 1787 724 1842 humo
735 1788 803 1843 inter
815 1788 932 1843 arbomm
943 1792 1056 1845 truncos.

237 1862 386 1934 40ampum
403 1867 429 1917 et
444 1863 525 1935 prima
545 1864 665 1919 silvarum
681 1864 788 1920 barbara
804 1865 871 1920 acies
888 1866 987 1921 tenuit:
1009 1867 1057 1923 soli

262 1940 383 1995 (iherusci
395 1940 459 2011 juga
475 1940 641 2008 insederant
660 1942 834 2013 proeliantibus
846 1943 970 1997 Romanis
982 1943 1056 1999 desu-

237 2032 306 2088 sper
317 2018 481 2073 incurrerent.
517 2019 614 2075 Noster
631 2020 758 2075 exercitus
774 2020 812 2075 sic
829 2020 948 2075 incessit:
967 2022 1056 2077 auxili·

260 2112 315 2151 cres
326 2094 392 2151 Galli
402 2095 570 2167 Germanique
581 2097 609 2151 in
620 2096 712 2162 fronte,
722 2101 781 2169 post
794 2116 857 2169 quos
869 2098 967 2169 pedites
979 2100 1055 2171 sagit

259 2172 333 2239 tarii;
352 2172 411 2228 dein
428 2176 550 2245 quattuor
566 2174 680 2245 legiones
696 2179 723 2229 et
739 2193 798 2230 cum
815 2174 913 2230 duabus
930 2177 1054 2246 praetoriis

259 2250 405 2307 cohortibus
423 2269 453 2305 ao
470 2250 568 2306 delecto
585 2252 671 2323 equite
689 2252 789 2319 Caesar3
807 2253 867 2308 erin
881 2252 989 2308 totidem
1000 2254 1054 2310 abc

257 2326 370 2399 legiones
388 2332 414 2384 ct
434 2328 497 2384 levis
519 2332 648 2384 armatura
664 2348 723 2385 oum
746 2330 832 2401 equite
855 2330 995 2403 sagittario
1014 2350 1054 2387 ce·

258 2408 369 2476 teraeque
381 2402 507 2461 sociorum
519 2406 643 2462 cohortes.
675 2408 796 2463 Intentus
808 2411 962 2479 paratusque
974 2408 1052 2476 miles,

212 2484 288 2547 17ut
309 2482 370 2539 ordo
389 2483 496 2555 agminis
515 2483 542 2539 in
563 2484 642 2540 aciem
665 2484 809 2540 adsisteret.
853 2485 923 2541 Visis
945 2485 1052 2541 Cherus-

258 2578 346 2615 corum
370 2561 485 2627 catervis,
508 2580 564 2633 quac
588 2581 633 2633 per
656 2562 777 2617 ferociam
799 2567 975 2635 proruperant,
994 2564 1053 2620 vali·

257 2637 374 2694 dissimos
405 2638 521 2709 equitum
549 2638 679 2695 incurrere
708 2640 784 2706 latus,
813 2640 965 2696 Stertinium
994 2660 1052 2697 cum

256 2715 348 2771 ceteris
371 2716 464 2770 turmis
488 2715 657 2788 circumgredi
679 2721 802 2789 tergaque
826 2717 945 2773 invadere
968 2718 1049 2789 jubet,

232 2792 311 2865 lipsa
327 2794 485 2863 intempore
501 2791 645 2849 adfuturus.
678 2795 783 2850 Interea
797 2795 995 2866 pulcherrimum
1007 2816 1051 2852 au-

255 2872 364 2943 gmium,
384 2873 443 2926 octo
461 2870 551 2941 aquile
569 2875 656 2942 petere
674 2872 750 2929 silvas
768 2876 795 2928 et
811 2873 907 2928 intrare
924 2874 985 2929 visae
1006 2874 1050 2929 im-

254 2954 396 3022 peratorem
420 2946 559 3003 advertere.
613 2949 755 3017 Exclamat,
780 2950 855 3016 ment,
880 2955 1049 3024 sequerentur
