2550 3500
197 424 217 463 A
234 424 254 463 D
270 420 315 471 8⁵]
398 361 595 411 ANNALIUM
611 362 658 411 vl.
675 364 777 411 32-36.
938 366 985 413 208

197 474 286 537 mihte,
300 472 455 539 disserebat3
473 474 656 529 Pharasmanes
668 474 782 546 integros
799 475 880 529 semet
894 491 911 528 a
926 474 988 529 Par·

196 551 268 605 thioo
285 550 423 615 dominatu,
442 558 538 622 quanto
555 552 652 622 majora
670 555 795 623 peterent,
816 550 874 623 plus
890 549 987 606 decoris

195 628 307 683 victores
328 632 381 693 aut,
403 628 425 681 si
442 633 517 699 terga
538 627 634 691 darent,
658 629 750 699 flagitii
773 632 850 699 atque
872 627 987 699 periculi,

196 703 304 759 laturos.
341 704 423 759 Simul
445 704 572 759 horridam
596 724 700 760 suorum
723 706 809 771 aciem,
829 705 904 777 'picta
925 712 1011 759 auron

195 780 334 835 Medorum
352 782 459 852 agmina,
479 781 539 836 hine
554 781 629 849 viros,
645 781 704 837 inde
719 782 830 853 praedam
845 780 987 836 ostendere.

195 858 334 913 Enimvero
363 857 430 929 apud
461 858 588 913 Sarmatas
611 877 664 913 non
686 877 738 913 una
759 877 811 914 vox
840 858 928 913 ducis:
960 859 1033 915 se35

196 935 305 1005 quisque
328 934 468 1003 stimulant,
491 954 524 989 nc
546 954 658 1007 pugnam
681 954 728 1006 per
746 936 854 1007 sagittas
876 936 987 990 inirent:

195 1011 295 1083 impetu
313 1015 340 1067 et
357 1011 498 1067 comminus
515 1011 727 1083 praeveniendum.
763 1013 847 1068 Varia
862 1013 922 1067 hine
936 1012 1011 1067 bel-2

195 1088 305 1143 lentium
325 1089 430 1159 speeies,
452 1107 510 1143 cum
531 1089 652 1155 Parthus,
673 1089 747 1160 sequi
764 1089 805 1145 vel
825 1090 916 1161 lugere
932 1090 989 1161 pan'

196 1170 252 1220 arte
273 1169 370 1231 suetus,
389 1164 541 1221 distraheret
558 1170 664 1231 turmas,
683 1167 794 1237 spatium
810 1167 904 1222 ictibus
922 1185 988 1237 qua·

194 1246 265 1297 reret
277 1264 284 1307 ;
303 1244 423 1297 Sarmata
436 1244 528 1297 omisso
541 1262 609 1309 arou,
623 1262 674 1315 qno
685 1244 788 1299 brevius
799 1243 892 1309 valent,
905 1242 988 1298 contis

196 1320 338 1391 gladiisque
350 1326 468 1386 ruerent;
487 1320 562 1375 modo
574 1323 702 1392 equestris
713 1321 796 1392 proelii
807 1339 885 1386 more,
895 1321 988 1375 frontis

196 1403 223 1452 et
235 1398 304 1469 tergi
315 1398 399 1465 vioes3
419 1397 559 1468 aliquando,
572 1403 602 1453 ut
615 1403 733 1453 conserta
748 1399 822 1464 acies,
841 1397 988 1469 corporibus

196 1478 225 1529 et
245 1476 323 1545 pulsu
343 1492 468 1529 armorum
490 1474 620 1545 pellerent,
638 1475 799 1546 pellerentur.
835 1476 944 1545 Jamque
961 1479 1011 1529 eth

196 1550 292 1607 Albani
303 1551 421 1623 Iberique
433 1570 560 1623 prensare,
573 1550 716 1618 detrudere,
729 1551 865 1623 ancipitem
876 1570 988 1623 pugnam

196 1629 315 1687 hostibus
331 1628 422 1695 iacere,
440 1646 503 1699 qnos
520 1647 597 1699 super
613 1647 698 1700 eques,
715 1633 743 1684 et
760 1628 919 1700 propioribus
936 1628 989 1683 vul·

196 1706 302 1762 neribus
319 1706 418 1779 pedites
440 1705 600 1762 afflictabant.
636 1706 711 1762 Inter
732 1725 788 1778 qua
805 1706 1013 1768 Rharasmanest

197 1786 354 1858 Orodesque,
368 1785 428 1840 dum
441 1785 551 1840 strenuis
568 1785 661 1840 adsunt
676 1789 722 1841 aut
738 1785 914 1842 dubitantibus
930 1785 988 1841 sub·

196 1863 311 1928 veniunt,
334 1863 463 1934 conspicui
483 1881 564 1933 eoque
587 1864 667 1934 gnari,
688 1864 805 1929 elamore,
827 1863 894 1928 telis,
915 1864 988 1934 equis

196 1945 360 2005 concurrumt,
380 1939 518 1996 instantius
538 1939 736 1996 Pharasmanes:
757 1959 816 1995 nam
833 1940 925 1995 vulnus
942 1958 989 2010 per

196 2017 295 2088 galeam
315 2017 408 2090 adegit.
445 2017 502 2072 Nec
520 2017 613 2072 iterare
628 2017 716 2083 valuit,
735 2018 855 2088 prelatus
876 2034 949 2088 equo,
961 2021 1012 2072 et5

196 2095 344 2150 fortissimis
368 2093 506 2148 satellitum
530 2095 723 2164 protegentibus
747 2095 868 2149 saucium.
912 2093 989 2147 Fama

196 2177 284 2227 tamen
296 2171 373 2226 occisi
384 2171 448 2226 falso
461 2170 557 2226 eredita
573 2171 698 2226 exterruit
714 2172 832 2237 Parthos,
848 2170 988 2225 victoriam·

197 2267 247 2319 que
259 2266 415 2304 concessere.
450 2247 515 2302 Mox
522 2247 668 2302 Artabanus
677 2252 733 2303 tota
744 2247 810 2302 mole
822 2247 894 2318 regni
905 2246 988 2301 ultum
998 2250 1036 2304 ³6

133 2321 134 2328 ’
195 2327 234 2381 iit.
271 2326 370 2381 Peritia
381 2326 493 2380 locorum
506 2324 536 2380 ab
549 2324 631 2379 Iberis
643 2325 734 2379 melius
746 2330 895 2396 pugnatum.
932 2324 989 2380 Neo

195 2404 254 2460 ideo
273 2403 432 2468 abscedebat,
451 2403 479 2456 ni
496 2403 632 2457 contractis
653 2401 795 2473 legionibus
812 2401 940 2467 Vitellius,
962 2406 989 2458 et

196 2481 301 2536 subdito
327 2499 435 2546 rumore,
459 2484 580 2550 tanquam
607 2479 817 2549 Mesopotamiam
847 2479 989 2545 invasurus,

195 2565 294 2613 metum
312 2557 422 2612 Romani
438 2557 498 2612 belli
521 2556 630 2611 fecisset.
666 2556 732 2610 Tum
755 2556 849 2611 omissa
870 2557 1014 2616 Armenian

195 2653 327 2706 versaeque
345 2635 469 2688 Artabani
492 2653 540 2698 res,
562 2633 682 2688 illiciente
705 2633 820 2699 Vitellio,
844 2633 990 2688 desererent

195 2731 291 2784 regem,
304 2730 401 2766 savum
412 2711 439 2765 in
451 2729 512 2782 paee
524 2715 551 2766 et
563 2709 676 2764 adramis
687 2710 832 2781 proeliorum
844 2711 988 2766 exitiosum.

196 2791 283 2862 [gitur
305 2789 432 2853 Sinnaces,
455 2807 530 2859 quem
548 2796 623 2842 antea
639 2788 765 2843 infensum
783 2789 927 2852 memoravi,
945 2799 1013 2857 pa·3

195 2871 263 2921 trem
287 2865 440 2935 Abdagesen
467 2865 578 2936 aliosque
606 2865 719 2920 occultos
743 2865 848 2933 consilii,
873 2868 900 2918 et
926 2867 989 2916 tune

196 2945 325 3000 coutinuis
343 2943 456 3000 cladibus
475 2943 651 3015 promptiores,
668 2943 701 2998 ad
717 2943 884 2998 defectionem
899 2941 992 3007 trahit,
