2550 3500
171 468 192 507 Δ
207 468 226 507 D
243 466 285 517 m
378 406 575 453 ANNALIUM
594 405 636 454 v1.
650 406 754 454 46—49.
915 407 961 453 211

173 518 229 573 Sibi
246 518 309 572 satis
327 516 417 583 aetatis,
434 536 516 589 neque
532 517 601 573 aliud
617 516 789 589 paenitendum
803 534 879 587 quam
896 516 988 586 quoda

171 595 242 649 iuter
253 594 362 650 ludibria
372 598 399 649 et
414 594 526 665 pericula
540 596 639 650 anxiam
656 598 783 650 senectam
797 593 962 659 toleravisset,

172 671 219 726 diu
243 672 342 743 sejano,
366 690 435 725 nunc
457 672 581 738 Macroni,
605 691 705 743 semper
727 670 802 725 alicui
821 671 965 741 potentium

172 750 279 815 invisus,
292 768 344 804 non
356 749 436 820 culpa
450 748 495 805 sed
511 754 542 804 ut
553 750 708 822 flagitiorum
721 748 863 820 impatiens.
900 750 990 806 Sauos

172 844 269 898 paucam
287 831 314 882 et
332 845 462 898 supremos
480 827 601 899 principis
613 826 667 882 dies
679 845 755 898 posse
772 826 862 881 vitari:
881 844 966 897 quem-

173 903 311 959 admodum
337 922 471 959 evasurum
493 904 649 960 imminentis
669 904 819 975 juventam?
843 921 883 969 an,
908 921 966 958 cum

173 982 292 1037 {liberius
304 986 362 1053 post
378 986 476 1037 tantam
491 1002 576 1039 rerum
593 982 775 1053 experientiam
791 980 818 1036 vi
834 980 966 1036 dominati·

174 1060 231 1114 onis
249 1058 385 1114 convulsus
403 1064 429 1114 et
446 1064 561 1116 mutatus
579 1061 620 1126 sit,
641 1060 670 1115 0.
684 1060 816 1124 Cursarem,
834 1058 879 1114 vix
894 1058 968 1113 finita

174 1136 293 1207 pueritia,
306 1136 422 1208 ignarum
434 1138 546 1192 omnium
558 1142 603 1193 aut
615 1137 731 1209 pessimis
742 1135 902 1201 innutritum,
915 1154 968 1191 me·

174 1213 241 1268 liora
260 1214 445 1285 capessiturum
468 1214 591 1270 Macrone
614 1215 699 1270 duce?
727 1214 778 1283 qui,
798 1216 828 1267 ut
848 1212 966 1279 deterior,

176 1290 209 1345 ad
217 1290 410 1362 opprimendum
420 1288 538 1361 Sejanum
546 1291 666 1357 delectus,
677 1290 751 1362 plura
759 1309 804 1361 per
811 1290 905 1345 scelera
913 1309 968 1345 rem

175 1368 304 1441 publicam
327 1368 530 1425 conflictavisset.
573 1370 741 1441 Prospeotare
761 1369 814 1439 jam
834 1386 863 1423 se
885 1369 991 1423 acrius5

177 1447 318 1513 servitium,
335 1465 415 1518 eoque
430 1448 520 1521 fugere
535 1447 611 1502 simul
627 1451 685 1502 acta
695 1451 722 1501 et
738 1446 868 1501 instantia
903 1446 969 1501 Hac

177 1524 244 1579 vatis
261 1524 290 1578 in
306 1524 408 1579 modum
424 1524 551 1590 dictitans,
568 1542 646 1580 venas
661 1523 773 1579 resolvit.
808 1523 992 1578 Document06

178 1602 313 1673 sequentia
321 1606 395 1656 erunt
404 1601 468 1657 bene
477 1602 629 1657 Arruntium
641 1605 723 1656 morte
732 1619 814 1655 usum.
844 1599 970 1655 Albucilla

177 1680 251 1734 irrito
262 1680 318 1734 ictu
332 1697 347 1733 a
358 1685 438 1734 semet
449 1679 588 1745 vulnerata,
604 1679 680 1752 jussu
691 1683 795 1733 senatus
805 1678 834 1733 in
844 1695 970 1733 carcerem

178 1759 268 1813 ierim.
314 1759 469 1829 Stuprorum
488 1758 543 1829 ejus
561 1757 679 1823 ministri,
699 1757 830 1812 Carsidius
848 1755 994 1812 saoerdosr

178 1834 313 1906 pretorius
332 1835 401 1890 utin
419 1835 528 1890 insulam
540 1834 724 1906 deportaretur,
744 1835 852 1890 Pontius
870 1833 970 1906 bregel-

178 1913 252 1967 lanus
271 1912 400 1968 amitteret
418 1912 532 1968 ordinem
550 1912 712 1980 senatorium,
729 1915 757 1968 et
774 1912 868 1968 eadem
890 1930 971 1983 poenaa

178 1990 206 2044 in
223 1989 334 2044 Lalium
357 1988 464 2044 Balbum
484 1989 671 2055 decemuntur3
689 1988 717 2044 id
734 1988 835 2060 quidem
852 2007 868 2042 a
883 1988 972 2043 laetan·

178 2067 257 2131 tibus,
271 2065 331 2138 quia
341 2065 437 2120 Balbus
446 2066 513 2121 truci
522 2065 666 2138 eloquentia
676 2065 824 2132 habebatur,
836 2069 970 2138 promptus

179 2143 314 2198 adversum
326 2143 447 2198 insontes.

213 2220 302 2276 Isdem
315 2219 403 2275 diebus
417 2221 476 2276 Sex.
489 2220 619 2290 Papinius,
632 2220 760 2276 consulari
770 2219 872 2289 familia,
883 2237 970 2291 repen·
979 2217 1018 2272 49

178 2298 262 2354 tinum
286 2301 313 2352 et
336 2297 470 2352 informem
493 2298 592 2352 exitum
609 2298 712 2369 delegit,
727 2298 797 2370 jacto
814 2297 842 2352 in
857 2315 970 2369 preceps

179 2393 292 2448 corpore.
330 2374 414 2430 Causa
433 2374 466 2430 ad
483 2379 589 2430 matrem
607 2374 772 2440 referebam,
791 2393 854 2446 quae,
872 2373 995 2445 pridem2

179 2453 321 2524 repudiata,
340 2451 553 2508 assentationibus
571 2456 649 2523 atque
671 2451 735 2507 luxu
756 2451 908 2523 perpulisset
929 2451 971 2523 ju-

179 2549 269 2586 venem
281 2528 315 2584 ad
326 2546 357 2584 ea
367 2547 475 2600 quorum
489 2529 610 2602 effugium
624 2529 725 2584 nonnisi
740 2534 822 2584 morte
837 2528 969 2584 inveniret.

179 2608 267 2678 Igitur
291 2611 410 2662 accusata
431 2608 460 2662 iu
482 2614 580 2672 senatu,
600 2625 744 2678 quanquam
764 2625 848 2679 genua
869 2611 997 2679 patruma

180 2685 366 2750 advolveretur,
389 2684 537 2756 luctumque
560 2702 718 2740 communem
742 2689 769 2740 et
791 2685 872 2756 magis
895 2684 972 2739 imbe

180 2763 265 2819 cillum
289 2761 337 2817 tali
353 2780 431 2833 super
447 2780 508 2817 casu
526 2762 679 2817 feminarum
696 2762 807 2817 animum
825 2763 923 2833 aliaque
944 2761 973 2815 in

181 2841 290 2898 eundem
308 2839 420 2896 dolorem
436 2847 525 2895 masta
541 2844 568 2896 et
585 2840 728 2896 miseranda
744 2841 789 2896 diu
805 2841 891 2905 ferret,
909 2838 973 2893 mbo

147 2971 148 2974 ,
181 2922 267 2975 tamen
278 2917 406 2973 indecem
425 2935 504 2972 annos
515 2917 644 2988 prohibita
659 2923 707 2986 est,
719 2919 800 2975 donec
813 2918 895 2973 minor
905 2915 972 2970 filius

148 3069 149 3080 ἵ
183 2996 309 3055 lubricum
319 2994 432 3068 juventae
444 2995 532 3052 exiret.
