2550 3500
314 354 361 403 246
648 351 768 401 TACITI

936 410 1099 459 [aucam.

309 464 394 534 gnisse
416 463 560 535 privignem
579 482 595 519 a
617 464 719 520 'liberio
742 480 819 533 super
841 460 969 532 propriam
993 461 1103 531 stirpem

288 541 486 596 3Germanicum
510 545 676 611 assumptum.
714 540 747 595 Se
770 557 870 610 quoque
893 537 1040 608 accingeret
1061 537 1103 607 jn-

308 636 379 681 vene,
390 625 488 687 partem
498 636 616 671 curarum
623 617 786 688 capessituro.
822 615 873 670 His
882 614 990 678 evictus,
1002 613 1104 669 biennio

309 694 429 765 majorem
449 700 512 749 natu
531 694 674 749 Domitium
692 694 744 749 filio
763 692 902 763 anteponit,
922 690 1012 746 hahita
1035 690 1104 761 apud

310 776 426 825 senatum
442 772 555 827 oratione
572 772 599 827 in
615 770 724 827 eundem
740 790 816 841 quem
830 789 846 824 a
860 769 953 825 liberto
969 772 1103 839 acceperat

288 848 420 903 amodum.
456 848 621 903 Annotabant
634 848 709 919 periti
720 848 813 916 nullam
824 847 930 901 antehac
939 844 1104 916 adoptionem

309 925 376 979 inter
387 924 507 995 patricios
520 925 639 981 Claudios
651 925 763 995 reperiri,
777 943 870 995 eosqne
882 923 913 978 ab
925 925 990 977 Atto
1007 922 1103 977 Clauso

266 1002 442 1065 26continuos
471 1002 608 1057 duravisse.
645 1003 766 1057 Cetemm
789 1006 853 1057 actae
875 1000 984 1071 principi
1006 1004 1103 1070 grates,

310 1080 453 1150 quaesitiore
465 1080 492 1135 in
504 1080 647 1135 Domitium
659 1080 802 1134 adulatione
812 1100 819 1145 ;
837 1083 976 1149 rogataque
987 1076 1038 1143 lex,
1052 1096 1102 1147 qua

288 1156 337 1211 2in
348 1156 469 1212 familiam
481 1157 611 1213 Claudiam
623 1161 650 1211 et
662 1176 753 1211 nomen
764 1157 875 1211 Neronis
882 1155 1011 1211 transiret.
1048 1156 1101 1209 Au-

309 1236 385 1304 getur
399 1237 425 1288 et
437 1235 578 1307 Agrippina
596 1237 762 1305 cognomento
774 1235 907 1304 Augusta.
943 1230 1047 1290 Quibus
1059 1249 1100 1302 pa

308 1311 383 1366 tratis
401 1330 474 1367 nemo
493 1312 554 1367 adeo
574 1330 663 1383 expers
680 1310 857 1366 misericordia
877 1309 934 1373 fuit,
954 1327 1032 1379 quem
1049 1327 1098 1365 non

288 1388 449 1445 ³Britannici
460 1390 569 1445 fortunae
576 1408 666 1444 maror
678 1389 806 1460 affligeret.
830 1385 968 1443 Desolatus
976 1386 1099 1457 paulatim

311 1468 385 1523 ctiam
408 1468 539 1523 servilibus
560 1467 716 1531 ministeriis,
732 1485 777 1537 per
792 1464 972 1535 intempestiva
984 1482 1098 1519 noverca

288 1544 393 1600 4officia
411 1545 439 1600 in
458 1544 567 1600 ludibria
589 1544 713 1609 vertebat,
737 1542 881 1614 intelligens
904 1542 969 1596 falsi.
1006 1542 1098 1613 Neque

311 1622 377 1677 enim
389 1641 490 1694 segnem
503 1623 527 1677 ei
538 1622 617 1677 fuisse
632 1621 743 1676 indolem
758 1621 852 1685 ferunt,
868 1619 922 1674 sive
938 1638 1036 1684 rernm,
1053 1638 1098 1674 sen

310 1699 427 1770 periculis
440 1698 628 1755 commendatus
638 1699 745 1755 retinuit
754 1698 846 1752 famam
854 1696 908 1752 sine
917 1696 1098 1768 experimento.

266 1775 301 1832 27
312 1776 362 1830 Sed
379 1777 526 1848 Agrippina,
549 1795 599 1847 qno
618 1777 670 1832 vim
690 1795 760 1832 suam
781 1775 855 1830 sociis
872 1793 973 1846 quoqne
990 1775 1098 1830 nationi·

310 1853 358 1908 bns
381 1858 530 1919 ostentaret,
549 1854 577 1909 in
600 1853 721 1926 oppidum
739 1852 872 1918 Ubiorum,
891 1853 988 1923 inquo
1012 1853 1099 1924 genita

311 1934 373 1995 erat,
382 1936 515 1986 veteranos
526 1930 697 2002 coloniamque
704 1929 795 1986 deduci
802 1930 921 2000 impetrat
928 1952 936 1996 3
954 1929 997 1984 cui
1005 1949 1099 1985 nomen

287 2007 420 2070 zinditum
433 2027 447 2062 e
458 2008 579 2064 vocabulo
591 2009 679 2080 ipsius.
714 2010 754 2063 Ac
765 2008 832 2062 forte
843 2007 976 2072 acciderat,
995 2013 1027 2062 ut
1043 2027 1098 2061 eam

310 2089 412 2158 gentem
433 2085 525 2141 Rheno
543 2091 728 2158 transgressam
748 2104 810 2142 avus
834 2086 948 2156 Agrippa
971 2085 1000 2142 in
1022 2085 1098 2141 tidem

310 2164 441 2234 arriperet.

287 2239 302 2284 3
344 2241 430 2296 Isdem
442 2241 597 2312 temporibus
609 2241 637 2296 in
649 2240 778 2311 superiore
791 2240 926 2296 Germania
934 2238 1097 2310 trepidaturn,

310 2317 421 2374 adventu
445 2319 596 2374 Chattorum
621 2318 754 2373 latrocinia
777 2318 936 2390 agitantium.
972 2316 1043 2372 Dein
1065 2317 1097 2372 L.

309 2394 463 2466 Pomponius
483 2396 582 2467 legatus
602 2396 737 2451 auxiliares
753 2395 899 2466 Vangionas
916 2412 946 2449 ae
963 2393 1096 2459 Nemetas,

309 2471 395 2527 addito
408 2473 492 2544 equite
511 2473 595 2541 alarin,
611 2472 629 2544 †
647 2473 757 2530 monitos
775 2473 913 2542 (aacaaitf)
925 2476 956 2528 nt
969 2473 1097 2528 anteirent

308 2550 477 2620 populatores,
496 2551 536 2606 vel
554 2550 657 2622 dilapsis
674 2551 805 2622 improvisi
824 2548 1097 2606 circumfunderentur.

286 2626 344 2682 aaa
356 2630 443 2682 secuta
454 2628 586 2682 consilium
598 2627 670 2684 ducis
687 2627 814 2686 industria
826 2627 952 2693 militnm
971 2626 1099 2699 divisique

308 2703 335 2760 in
347 2703 397 2760 duo
409 2704 515 2774 agmina,
530 2705 573 2775 qui
584 2705 676 2760 larum
687 2704 737 2760 iter
748 2705 898 2774 petiverant,
911 2722 1001 2760 recens
1013 2723 1099 2761 rever·

308 2798 357 2845 sos,
371 2779 503 2852 praedaque
514 2799 560 2852 per
570 2781 660 2836 luxum
671 2799 731 2835 usos
743 2786 769 2837 et
781 2801 869 2838 somno
881 2800 979 2854 gruum,
989 2782 1098 2838 cneum·

308 2875 405 2914 venere.
441 2860 526 2914 Aucta
536 2857 632 2923 latitia,
646 2857 714 2928 qnod
729 2859 851 2929 quosdam
866 2878 881 2916 e
898 2857 969 2916 clade
984 2859 1099 2917 Variana

263 2933 301 2988 28
309 2935 525 3007 quadragesimum
547 2938 606 3005 post
630 2952 724 2992 annum
744 2936 848 2994 servitio
866 2940 1023 2992 exemerunt
1059 2940 1098 2994 At
