2550 3500
282 354 315 403 96
619 350 738 400 TACITI

911 412 947 460 rs.
956 406 983 451 o.
992 409 1014 450 c.
1025 408 1070 452 tta.

281 462 367 520 studia
389 463 519 519 homiuum
542 480 648 518 accensa
669 462 697 518 in
716 460 891 533 Agrippinum,
909 480 967 515 curn
992 459 1070 514 decus

264 542 378 614 'patrica
395 541 477 597 solum
492 540 605 611 Augusti
619 539 776 611 sanguinem,
792 539 894 592 unicum
909 537 1070 608 antiquitatis

282 619 408 690 specimen
424 617 584 689 appellarent,
597 617 714 687 versique
729 616 762 670 ad
779 615 867 671 caelum
882 632 912 670 uo
929 614 991 671 deos
1005 615 1071 669 inte-
1138 653 1143 678 ,κ

282 714 352 767 gram
361 694 397 749 illi
408 694 521 749 subolem
533 712 562 749 eo
571 695 733 765 superstitem
745 693 888 764 iniquorum
896 696 1070 763 precarentur.

229 778 233 787 ‘
254 773 363 827 sunere
384 771 427 843 qui
447 770 541 842 publici
561 770 657 825 sumeris
680 788 797 842 pompam
819 770 984 840 requirerent,
1004 786 1072 823 eom·

265 858 268 865 '
281 852 448 921 peterentque
460 867 516 919 quse
528 848 555 903 iu
566 848 688 913 Drusum,
701 852 799 919 petrem
811 846 961 911 Germanici,
974 845 1072 900 honora

259 930 308 987 tet
328 926 460 998 magnifiee
478 927 612 997 Augustus
631 924 742 981 fecisset.
776 925 866 997 Ipsum
885 925 978 996 quippe
986 942 1072 995 asper-

281 1004 346 1058 rimo
360 1002 450 1058 hiemis
467 1002 583 1057 Ticinum
599 1020 681 1073 usque
697 1020 867 1073 progressum,
886 1020 968 1073 neque
985 1000 1072 1056 absee-

283 1080 384 1135 dentem
397 1098 412 1134 a
423 1097 527 1150 corpore
539 1078 615 1133 simul
631 1078 721 1134 urbem
732 1078 883 1145 intravisse3
901 1076 1070 1133 circumfusas

282 1157 348 1213 lecto
365 1155 527 1212 Claudionrm
546 1154 722 1226 Juliorumque
738 1154 881 1227 imagines3
904 1154 1024 1209 defletum
1043 1154 1072 1210 in

283 1235 346 1303 foro,
357 1233 487 1289 laudatum
495 1252 541 1305 pre
554 1232 664 1297 Rostris,
677 1235 770 1287 cuncta
780 1250 796 1286 a
806 1232 943 1304 majoribus
961 1236 1070 1303 reperta,

260 1316 328 1372 aaut
345 1330 401 1383 que
416 1311 512 1382 posteri
528 1310 678 1374 invenerint,
697 1308 832 1365 cumulata
868 1308 1072 1364 At’Germanieo

283 1407 316 1443 ne
334 1388 422 1443 solitos
439 1387 540 1460 quidem
557 1393 583 1443 et
596 1388 746 1459 cuicumque
761 1386 840 1442 nubili
851 1385 950 1442 debitos
960 1386 1071 1441 bonores

258 1465 427 1537 leontigisse.
473 1466 538 1520 Saue
557 1483 649 1536 corpus
669 1464 703 1520 ob
722 1464 932 1536 longinquitatem
950 1462 1071 1518 itinerum

283 1543 394 1598 extemis
405 1541 480 1597 terris
490 1560 590 1614 quoquo
602 1541 678 1597 modo
688 1546 843 1597 crematum:
862 1540 987 1596 sedtanto
998 1539 1072 1611 plura

283 1619 374 1675 decora
384 1638 444 1675 mox
454 1619 533 1674 tribui
543 1637 587 1690 par
595 1619 682 1685 frume,
693 1631 787 1691 quanto
798 1619 881 1689 prima
891 1618 945 1673 fors
955 1618 1073 1689 negaris-

260 1700 330 1760 eset.
376 1696 437 1752 Nou
452 1696 565 1762 fratrem,
582 1696 631 1752 nisi
647 1696 723 1752 nnius
739 1696 790 1752 diei
805 1696 854 1762 ria,
872 1713 925 1751 non
941 1701 1070 1767 patruum,

259 1773 668 1845 esultemporteteuusmbvium.
704 1773 934 1830 Ubiillareterum
943 1773 1071 1838 instituta,

283 1851 442 1922 preepositam
455 1853 512 1904 toro
523 1850 639 1921 effigiem,
655 1851 778 1906 meditata
792 1851 825 1906 ad
836 1851 982 1907 memoriam
992 1850 1073 1905 virtu·

283 1929 317 1983 tis
330 1927 446 1993 earmina,
464 1931 491 1982 et
506 1927 664 1984 laudationes
679 1932 706 1984 et
718 1928 840 1994 lacrimas,
852 1929 894 1983 vel
908 1928 925 1982 d
940 1927 1001 1982 loris
1016 1927 1074 1982 imi·

1142 919 1145 1070 i

256 2006 412 2066 6tumeuta?
426 2005 537 2059 Gnarum
549 2003 576 2059 id
584 2004 685 2060 Tiberio
696 2005 762 2072 fuit3
779 2011 860 2078 utque
867 1947 992 2077 prenderet
1001 2005 1073 2077 vulgi
1146 2068 1147 2081 χ

284 2099 418 2149 sermones,
430 2081 528 2136 monuit
545 2081 628 2137 edicto
639 2082 734 2138 multos
749 2081 886 2138 illustrium
898 2083 1072 2136 Romanorum

284 2159 379 2216 obrem
391 2158 516 2232 publicem
525 2157 615 2224 obisse,
625 2160 750 2215 neminem
759 2165 811 2214 tam
820 2159 939 2231 flagranti
947 2158 1072 2213 desiderio

260 2249 275 2299 2
285 2237 446 2292 celebratum.
465 2234 547 2307 quue
556 2239 583 2290 et
591 2235 639 2291 sibi
651 2240 678 2291 et
690 2237 789 2292 cunctis
801 2237 939 2308 egregium
950 2235 1072 2290 simodus

285 2314 453 2386 adjiceretur:
471 2313 608 2369 nonenim
626 2313 715 2369 eadem
733 2313 825 2369 decora
842 2312 998 2385 principibus
1009 2312 1072 2368 uiris

284 2395 312 2446 et
323 2391 469 2462 imperatori
486 2391 658 2464 populoque
673 2391 778 2446 modieis
794 2391 909 2447 domibus
924 2395 970 2446 sut
985 2390 1073 2446 civita

262 2468 363 2529 stibus.
400 2469 554 2525 convenisse
565 2469 663 2524 receuti
675 2467 755 2523 dolori
766 2468 871 2534 luctum,
884 2472 956 2524 etex
967 2484 1073 2523 merore

285 2545 390 2612 solatia;
408 2545 453 2600 sed
467 2545 626 2601 referendum
639 2546 693 2617 jam
707 2545 817 2600 animum
835 2544 868 2600 ad
883 2544 1072 2611 firmitudinem.

284 2628 314 2678 ut
335 2622 459 2694 quondam
481 2622 554 2677 divus
575 2623 661 2678 Julius
678 2622 771 2677 unisse
783 2621 859 2677 uuiea
873 2621 931 2687 filia
949 2626 981 2677 ut
998 2621 1073 2676 dirus

260 2702 419 2774 *Augustus
430 2699 524 2770 ereptis
535 2699 671 2771 nepotibus
679 2698 846 2754 abstruserint
857 2699 997 2755 tristitiam.
1026 2699 1075 2754 Nil

284 2797 348 2851 opus
364 2776 546 2834 valentioribus
564 2777 701 2846 exemplisz
720 2777 837 2848 quotiens
855 2777 964 2849 populus
979 2777 1074 2832 Roma·

284 2876 333 2913 nus
345 2855 428 2913 clades
440 2855 604 2919 exercituum,
614 2854 746 2912 interitum
758 2854 859 2921 ducum,
872 2855 987 2910 funditus
1000 2856 1075 2910 arnis·

261 2947 327 2994 oses
338 2933 436 2990 nobiles
447 2932 554 2988 familias
567 2935 714 2988 constanter
728 2931 826 2988 tulerit.
861 2932 992 3003 Prmeipes
1007 2950 1075 2986 mor·

286 3012 357 3075 tales.
377 3030 430 3068 rem
450 3009 575 3078 publicam
596 3012 716 3064 aeternari
732 3027 795 3065 esse.
832 3008 911 3064 Proin
928 3013 1075 3074 repeterent
