2550 3500
125 250 958 282 τ’

292 403 340 451 aar
526 372 530 380 ’
623 400 742 450 rrcrrr

927 464 963 515 [A.
971 465 999 507 11.
1006 466 1028 506 0.
1036 466 1083 508 818.

290 512 423 569 nobilitate
438 511 619 585 disciplinaque
637 514 666 569 0.
679 514 768 579 Cassii,
787 512 854 585 apud
866 532 940 585 quem
958 515 1083 571 educatus

291 595 354 658 erat,
366 590 399 645 ad
414 608 514 645 omnem
530 590 705 645 claritudinem
723 590 838 647 sublatus
862 592 995 663 imperium
1012 593 1083 647 inva-

291 668 379 734 derct;
405 671 522 739 prompte
545 666 643 722 daturis
663 666 788 739 †opcram
809 669 854 740 qui
874 686 889 723 a
908 668 1083 741 conjuratione

291 744 385 817 integri
402 748 495 809 essent,
509 744 603 815 quique
619 744 800 801 miserarentur
819 746 946 801 Neronem
960 750 1084 817 tanquam

267 837 337 893 sper
352 822 434 878 scelus
450 821 620 877 interfectum.
657 822 774 895 Plerique
786 822 888 879 Vestini
905 841 1005 894 quoque
1022 842 1084 879 con-

292 899 354 954 sulis
373 917 430 954 acre
448 898 578 971 ingenium
597 899 719 955 vitavisse
732 900 852 955 Pisonem
870 900 1037 969 crediderunt,
1049 918 1084 955 ne

291 976 325 1031 ad
335 974 478 1031 libertatem
493 979 616 1041 oreretur,
630 976 671 1031 vel
690 976 787 1032 deiecto
807 978 958 1049 imperatore
977 977 1025 1031 alio
1042 977 1084 1033 sui

268 1053 403 1112 omuneris
414 1052 603 1125 rempublicam
616 1052 721 1110 laceret.
751 1054 854 1109 Etenim
867 1073 956 1125 expers
966 1054 1083 1125 conjura-

291 1130 369 1185 tionis
386 1133 449 1197 erat,
461 1129 574 1201 quamvis
590 1148 667 1201 super
683 1149 714 1186 eo
733 1132 837 1187 crimine
854 1132 926 1187 Nero
947 1135 1020 1187 vetus
1039 1130 1085 1185 ad-

244 1215 284 1272 53
292 1226 393 1262 versum
407 1207 534 1262 insontem
551 1206 637 1261 odium
655 1208 800 1279 expleverit.
839 1208 951 1264 Tandem
968 1212 1083 1263 statuere

292 1284 442 1339 circensium
457 1284 576 1339 ludorum
593 1283 641 1350 die,
661 1286 706 1356 qui
720 1286 807 1341 Cereri
823 1285 972 1351 celebratur,
991 1284 1085 1355 exequi

292 1361 434 1428 destinata3
453 1362 512 1433 quia
523 1360 616 1427 Oaesar,
625 1380 698 1417 rarus
710 1380 821 1434 egressu,
834 1361 958 1433 domoque
970 1365 1015 1417 aut
1024 1361 1085 1416 hor-

291 1438 326 1493 tis
345 1438 454 1507 clausus,
466 1438 499 1493 ad
513 1437 611 1493 ludicra
628 1438 688 1494 circi
704 1439 852 1504 ventitabat,
865 1438 1085 1511 promptioresque

267 1515 376 1571 zaditus
387 1519 461 1571 erant
478 1515 569 1570 latitia
584 1515 728 1585 spectaculi.
765 1515 884 1571 Ordinem
900 1514 997 1572 insidiis
1015 1534 1086 1571 com·

292 1595 432 1665 posuerant
448 1595 479 1647 ut
495 1592 646 1659 Lateranus,
664 1592 738 1663 quasi
755 1593 895 1649 subsidium
912 1592 950 1648 rei
965 1592 1085 1647 familiari

291 1673 383 1737 oraret,
405 1669 611 1741 deprecabundus
638 1673 665 1725 et
686 1670 793 1741 genibus
812 1670 933 1741 principis
957 1668 1083 1737 accidens,

291 1751 463 1819 prosterneret
470 1746 600 1802 incautum
609 1751 791 1819 memoretque,
800 1748 877 1803 animi
884 1744 982 1804 validus
992 1751 1018 1802 et
1029 1763 1084 1802 cor·

268 1839 353 1896 apere
372 1824 469 1894 iugens.
506 1823 572 1878 run
587 1824 714 1894 jacentem
731 1829 758 1880 et
775 1824 924 1896 impeditum
940 1823 1039 1879 tribuni
1056 1826 1084 1878 et

292 1901 452 1957 centuriones
459 1907 486 1955 et
493 1903 643 1968 ceterorum,
650 1905 680 1956 ut
689 1901 795 1973 quisquc
806 1901 931 1956 audentio
942 1900 1083 1966 habuisset,

291 1981 453 2034 accurrerent
464 1976 687 2048 trucidareutque3
705 1979 799 2050 primas
808 1978 856 2034 sibi
867 1983 952 2050 partes
964 1982 1085 2048 expostu-

292 2055 362 2110 lante
368 2054 490 2120 Scaevino,
501 2053 545 2125 qui
555 2054 693 2126 pugionem
704 2055 798 2126 templo
807 2055 900 2110 Salutis
912 2055 950 2125 (in
956 2054 1083 2123 Etruria)

293 2135 354 2200 sive,
366 2137 397 2190 ut
410 2134 452 2190 alii
462 2131 597 2199 tradidere,
610 2133 731 2190 Fortuna
746 2133 883 2189 Ferentino
895 2134 922 2188 in
933 2132 1027 2204 oppido
1040 2132 1085 2188 de-

268 2215 414 2277 straxerat,
423 2209 589 2284 gestabatque
595 2210 666 2266 velut
675 2229 767 2283 magno
775 2211 845 2282 operi
852 2229 959 2266 sacrum.
973 2209 1085 2265 interim

292 2289 354 2352 Piso
363 2288 431 2360 apud
442 2287 521 2344 odem
537 2288 637 2343 Cereris
649 2288 814 2360 opperiretur,
824 2287 892 2343 unde
902 2306 960 2342 eum
978 2285 1084 2358 proeiec·

292 2370 337 2421 tus
345 2366 446 2421 Penius
455 2369 483 2420 et
494 2365 573 2420 ceteri
582 2365 691 2420 accitum
702 2365 798 2420 ferrent
806 2365 833 2420 in
844 2368 934 2430 castra,
944 2363 1084 2419 comitante

293 2443 406 2497 Antonia
417 2441 516 2497 Claudii
528 2441 635 2496 Cesaris
647 2441 699 2496 lilia
714 2441 746 2496 ad
763 2441 913 2496 eliciendum
927 2439 1000 2512 vulgi
1012 2439 1085 2494 lavo·

270 2529 363 2584 orem3
382 2518 449 2588 quod
468 2519 498 2573 0.
508 2518 606 2573 Plinius
623 2520 753 2573 memorat.
789 2517 872 2573 Nobis
891 2513 1084 2588 quoquomodo

293 2594 417 2650 traditum
425 2611 477 2648 nou
484 2593 610 2650 occultare
621 2595 649 2650 in
658 2594 741 2649 animo
753 2593 809 2661 luit,
819 2593 933 2664 quamvis
945 2589 1085 2646 absurdum

293 2673 422 2729 videretur
433 2675 478 2726 aut
489 2672 589 2726 inanem
601 2669 633 2724 ad
645 2688 715 2741 spem
726 2668 865 2723 Antoniam
876 2683 968 2722 nomeu
979 2669 1006 2721 et
1018 2665 1086 2736 peri·

294 2750 380 2805 culum
388 2747 592 2812 commodavisse,
603 2750 648 2802 aut
656 2747 781 2812 Pisonem,
792 2748 882 2799 uotum
891 2760 976 2798 amore
987 2741 1085 2809 uxoris,

140 2844 144 2883 ἐ
294 2825 507 2882 aliimatrimonio
519 2843 547 2880 se
557 2824 732 2892 obstrinxisse,
743 2821 794 2877 nisi
805 2822 828 2877 si
836 2819 928 2892 cupido
938 2817 1086 2873 dominandi

247 2903 393 2958 bdcnnetis
410 2902 541 2958 affectibus
562 2900 710 2972 flagrantior
733 2903 781 2954 est.
819 2897 869 2954 Sed
891 2895 984 2952 mirum
1007 2911 1086 2966 quam

142 2986 144 2989 ’
295 2979 362 3037 iuter
378 2979 471 3036 diversi
482 2979 589 3051 generis,
602 2977 705 3044 ordinis,
724 2975 815 3042 etatis,
832 2993 917 3044 sexus,
933 2971 1008 3038 dites,
1020 2989 1086 3043 pau-
