2550 3500
310 414 358 465 llt
642 415 762 463 TACITI

308 526 382 583 viriis
398 525 518 591 traheret,
532 544 607 598 quam
619 526 688 581 solus
700 530 726 581 et
738 526 813 581 nullis
824 478 1104 598 voluptatiiui‘a‘ioiii

265 605 353 667 38111
365 606 477 657 maestam
486 603 643 675 vigilantiam
654 607 681 658 et
690 603 767 657 malas
779 622 852 659 curas
864 609 1000 659 exerceret.
1037 606 1105 661 Non

310 681 377 737 enim
388 680 511 745 Tiberius,
524 698 576 734 non
587 685 746 735 accusatores
756 680 915 735 fatiscebant.
951 682 987 736 Et
999 682 1105 737 Ancha-

310 758 363 813 rius
381 757 485 815 Priscus
503 757 613 811 Oeesium
631 757 743 811 Cordum
759 775 806 828 pro
824 758 927 813 consule
945 760 1026 813 (trctae
1043 778 1106 830 pos-

310 835 436 890 tulaverat
459 834 614 905 repetundis,
634 834 721 889 addito
744 835 884 906 majestatis
902 836 1013 900 crimine,
1032 839 1107 907 quod

290 916 366 971 atum
379 912 490 966 omnium
502 911 690 966 accusationum
701 912 912 983 complementum
923 917 986 967 erat.
1015 912 1107 969 Caesar

311 989 454 1045 Antistium
466 989 586 1043 Veterem
598 988 774 1059 eprimoribus
782 990 946 1055 Macedonia,
957 989 1107 1045 absolutum

314 1065 439 1131 adulterii,
458 1065 587 1135 increpitis
604 1064 732 1137 judicibus
756 1065 788 1119 ad
808 1065 938 1122 dicendam
961 1066 1108 1137 majestatie

314 1162 416 1199 causam
427 1142 541 1207 retraxit,
554 1146 584 1197 ut
596 1142 727 1197 turbidum
739 1146 765 1196 et
778 1142 977 1214 Rhescuporidis
990 1144 1107 1200 consiliis

314 1220 475 1291 permixtum,
496 1238 546 1291 qua
568 1223 727 1290 tempestate,
750 1219 831 1291 Cotye
853 1220 933 1275 fratre
956 1220 1106 1287 interiectu,

293 1297 408 1353 3bellum
431 1296 551 1352 adversus
574 1314 621 1351 nos
644 1296 765 1352 volverat.
801 1297 887 1368 Igitur
910 1316 975 1367 aqua
998 1301 1025 1351 et
1047 1298 1109 1369 igni

314 1374 478 1431 interdictum
487 1392 538 1440 reo,
547 1372 741 1445 appositumque
752 1377 782 1428 ut
790 1377 921 1429 teneretur
930 1374 1013 1429 insula
1018 1393 1109 1445 neque

293 1452 471 1511 4Macedoniae
488 1469 570 1523 neque
589 1450 702 1505 Thracia
718 1454 867 1522 opportuna
901 1452 971 1506 Nam
986 1451 1107 1518 Thracia,

316 1528 396 1583 diviso
413 1528 517 1599 imperio
532 1528 767 1583 iuRboemetaloen
782 1532 809 1583 et
826 1528 917 1583 liberos
934 1528 1030 1599 Cotyis,
1042 1531 1109 1598 quis
1140 1589 1142 1598 ¹

315 1605 348 1661 ob
361 1606 493 1661 infantiam
508 1608 580 1660 tutor
596 1610 652 1661 erat
667 1605 838 1661 'lsebellienus
857 1606 950 1670 Rufus,
967 1605 1110 1661 insolentia

315 1683 397 1737 nostri
409 1682 503 1737 discors
515 1682 614 1754 agebat,
630 1702 713 1755 neque
726 1684 810 1737 minus
825 1682 1015 1739 Rhoemetalcen
1027 1701 1110 1754 quam

317 1759 502 1815 Trebellieuum
530 1759 657 1825 incusans,
686 1760 845 1832 popularium
873 1761 979 1832 injurias
1007 1760 1110 1817 inultas

296 1836 406 1896 osiuere.
444 1835 570 1891 (loelaletae
588 1835 745 1908 Odrnsreque
762 1841 789 1892 et
804 1838 856 1903 Dii,
873 1837 962 1893 validae
978 1839 1109 1906 nationes,

317 1932 386 1968 arma
403 1931 498 1984 cepere,
518 1912 623 1970 ducibus
642 1913 747 1969 diversis
765 1919 791 1970 et
808 1914 911 1986 paribus
927 1915 996 1970 inter
1012 1934 1042 1970 se
1059 1935 1112 1987 per

316 1989 511 2063 ignobilitatem
531 2009 586 2062 quse
594 2009 670 2046 causa
680 1991 731 2046 fuit
742 2010 774 2047 ne
785 1992 813 2046 in
824 1991 918 2046 bellum
930 1996 1004 2046 atrox
1011 1993 1113 2049 coales-

295 2071 411 2126 6cerent.
446 2067 509 2122 Pars
525 2067 630 2123 turbant
646 2069 788 2140 praesentia,
801 2068 844 2123 1111
859 2072 970 2123 montem
983 2069 1117 2128 Haemum'

317 2144 538 2218 transgrediuntur
549 2149 579 2200 ut
591 2150 702 2201 remotos
714 2146 821 2218 populos
839 2146 984 2212 concirent;
1002 2147 1114 2217 plurimi

318 2241 347 2279 ac
358 2223 465 2280 maxime
477 2223 610 2295 compositi
622 2241 709 2295 regem
719 2223 858 2294 urbemque
875 2223 1082 2295 Philippopolim,
1095 2247 1114 2281 a

273 2311 311 2367 39
317 2300 457 2356 Macedone
469 2300 586 2373 Philippo
595 2299 678 2366 sitam,
692 2300 882 2356 circumsidunt.
919 2301 985 2360 Quae
993 2300 1040 2356 ubi
1048 2320 1113 2375 cog-

317 2378 372 2433 nita
389 2378 419 2433 P.
432 2377 536 2447 Vellaeo,
559 2379 591 2449 (is
612 2378 755 2450 proximum
772 2379 912 2434 exercitum
932 2378 1110 2450 presidebat)

318 2455 408 2510 alarios
431 2456 529 2527 equites
547 2455 662 2511 soleres
679 2455 821 2510 cohortium
841 2455 923 2510 mittit
945 2455 974 2509 in
993 2473 1037 2510 eos
1061 2459 1114 2528 qui

318 2532 483 2605 praedebundi
505 2537 550 2588 aut
567 2532 724 2588 assumendis
748 2532 848 2588 auxiliis
866 2531 1032 2604 vagabantur,
1051 2533 1114 2605 ipse

297 2609 396 2672 urobur
413 2610 528 2681 peditum
540 2610 572 2665 ad
595 2609 774 2666 exsolvendum
794 2609 919 2664 obsidium
942 2609 1021 2665 ducit.
1069 2613 1114 2668 Si-

318 2686 422 2757 mulque
439 2690 531 2742 cuncta
547 2705 666 2758 prospere
689 2690 753 2752 acta
772 2687 844 2742 caesis
861 2687 1061 2759 populatoribus,
1083 2696 1115 2746 et

320 2763 476 2820 dissensione
498 2767 556 2817 orte
572 2763 639 2834 apud
656 2762 808 2829 obsidentes,
826 2765 945 2838 regisque
963 2770 1116 2836 opportuna

300 2840 459 2912 temptione,
477 2843 504 2896 et
516 2839 626 2896 adventu
636 2839 750 2912 legionis.
786 2841 878 2912 Neque
891 2841 971 2897 aciem
987 2845 1033 2898 aut
1044 2862 1117 2914 prae-

320 2919 382 2974 lium
394 2917 444 2973 dici
455 2917 575 2983 decuerit,
588 2916 615 2984 in
627 2935 678 2988 quo
690 2918 806 2974 semermi
818 2918 973 2990 copulantes
985 2921 1116 2979 1111111111

320 2999 381 3052 sunt
393 2994 448 3052 sine
459 2997 547 3052 nostro
556 2995 686 3066 sauguine.
