<?xml version="1.0" encoding="UTF-8"?>
<!DOCTYPE html PUBLIC "-//W3C//DTD XHTML 1.0 Transitional//EN"
    "http://www.w3.org/TR/xhtml1/DTD/xhtml1-transitional.dtd">
<html xmlns="http://www.w3.org/1999/xhtml" xml:lang="en" lang="en">
 <head>
  <title>
</title>
<meta http-equiv="Content-Type" content="text/html;charset=utf-8" />
  <meta name='ocr-system' content='tesseract 3.04.00' />
  <meta name='ocr-capabilities' content='ocr_page ocr_carea ocr_par ocr_line ocrx_word'/>
</head>
<body>
  <div class='ocr_page' id='page_1' title='image "./operaomniaadfid01tacigoog_0193.png"; bbox 0 0 2550 3500; ppageno 0'>
   <div class='ocr_carea' id='block_1_1' title="bbox 177 365 972 476">
    <p class='ocr_par' dir='ltr' id='par_1_1' title="bbox 177 365 972 476">
     <span class='ocr_line' id='line_1_1' title="bbox 410 365 972 416; baseline 0.005 -4"><span class='ocrx_word' id='word_1_1' title='bbox 410 365 606 414; x_wconf 85' lang='lat' dir='ltr'><strong>ANNALlUM</strong></span> <span class='ocrx_word' id='word_1_2' title='bbox 624 366 669 413; x_wconf 92' lang='lat' dir='ltr'><strong>v1.</strong></span> <span class='ocrx_word' id='word_1_3' title='bbox 688 370 758 414; x_wconf 80' lang='grc'><strong>5-8.</strong></span> <span class='ocrx_word' id='word_1_4' title='bbox 927 366 972 416; x_wconf 80' lang='lat'><strong>187</strong></span> 
     </span>
     <span class='ocr_line' id='line_1_2' title="bbox 177 426 300 476; baseline -0.024 -10"><span class='ocrx_word' id='word_1_5' title='bbox 177 429 206 466; x_wconf 78' lang='lat' dir='ltr'><strong>A.</strong></span> <span class='ocrx_word' id='word_1_6' title='bbox 217 426 243 465; x_wconf 85' lang='lat' dir='ltr'><strong>n.</strong></span> <span class='ocrx_word' id='word_1_7' title='bbox 254 426 300 476; x_wconf 74' lang='lat' dir='ltr'><strong>aa]</strong></span> 
     </span>
    </p>
   </div>
   <div class='ocr_carea' id='block_1_2' title="bbox 128 477 1064 3015">
    <p class='ocr_par' dir='ltr' id='par_1_2' title="bbox 128 477 1064 3015">
     <span class='ocr_line' id='line_1_3' title="bbox 177 477 974 549; baseline 0.003 -21"><span class='ocrx_word' id='word_1_8' title='bbox 177 494 275 546; x_wconf 88' lang='lat' dir='ltr'><strong>repens</strong></span> <span class='ocrx_word' id='word_1_9' title='bbox 285 477 330 529; x_wconf 89' lang='lat' dir='ltr'><strong>aut</strong></span> <span class='ocrx_word' id='word_1_10' title='bbox 339 478 467 531; x_wconf 81' lang='lat' dir='ltr'><strong>vetustate</strong></span> <span class='ocrx_word' id='word_1_11' title='bbox 479 477 630 533; x_wconf 85' lang='lat' dir='ltr'><strong>obscurum:</strong></span> <span class='ocrx_word' id='word_1_12' title='bbox 650 478 754 549; x_wconf 82' lang='lat' dir='ltr'><strong>perinde</strong></span> <span class='ocrx_word' id='word_1_13' title='bbox 766 479 793 532; x_wconf 89' lang='lat' dir='ltr'><strong>in</strong></span> <span class='ocrx_word' id='word_1_14' title='bbox 804 477 868 541; x_wconf 85' lang='lat' dir='ltr'><strong>foro,</strong></span> <span class='ocrx_word' id='word_1_15' title='bbox 878 477 905 531; x_wconf 90' lang='lat' dir='ltr'><strong>in</strong></span> <span class='ocrx_word' id='word_1_16' title='bbox 914 495 974 531; x_wconf 90' lang='lat' dir='ltr'><strong>con·</strong></span> 
     </span>
     <span class='ocr_line' id='line_1_4' title="bbox 178 552 974 624; baseline 0 -17"><span class='ocrx_word' id='word_1_17' title='bbox 178 552 259 617; x_wconf 83' lang='lat' dir='ltr'><strong>virio,</strong></span> <span class='ocrx_word' id='word_1_18' title='bbox 274 570 374 622; x_wconf 86' lang='lat' dir='ltr'><strong>quaqua</strong></span> <span class='ocrx_word' id='word_1_19' title='bbox 385 552 416 607; x_wconf 91' lang='lat' dir='ltr'><strong>de</strong></span> <span class='ocrx_word' id='word_1_20' title='bbox 428 572 456 607; x_wconf 90' lang='lat' dir='ltr'><strong>rc</strong></span> <span class='ocrx_word' id='word_1_21' title='bbox 471 554 550 608; x_wconf 91' lang='lat' dir='ltr'><strong>locuti</strong></span> <span class='ocrx_word' id='word_1_22' title='bbox 566 555 754 619; x_wconf 75' lang='lat' dir='ltr'><strong>incusabantur,</strong></span> <span class='ocrx_word' id='word_1_23' title='bbox 767 559 798 608; x_wconf 86' lang='lat' dir='ltr'><strong>ut</strong></span> <span class='ocrx_word' id='word_1_24' title='bbox 810 554 866 624; x_wconf 89' lang='lat' dir='ltr'><strong>quis</strong></span> <span class='ocrx_word' id='word_1_25' title='bbox 879 572 974 624; x_wconf 73' lang='lat' dir='ltr'><strong>pracve-</strong></span> 
     </span>
     <span class='ocr_line' id='line_1_5' title="bbox 178 628 971 703; baseline 0.004 -21"><span class='ocrx_word' id='word_1_26' title='bbox 178 629 238 683; x_wconf 91' lang='lat' dir='ltr'><strong>nirc</strong></span> <span class='ocrx_word' id='word_1_27' title='bbox 251 632 279 683; x_wconf 85' lang='lat' dir='ltr'><strong>et</strong></span> <span class='ocrx_word' id='word_1_28' title='bbox 290 646 362 683; x_wconf 85' lang='lat' dir='ltr'><strong>reum</strong></span> <span class='ocrx_word' id='word_1_29' title='bbox 375 628 502 685; x_wconf 85' lang='lat' dir='ltr'><strong>destinare</strong></span> <span class='ocrx_word' id='word_1_30' title='bbox 514 636 640 702; x_wconf 78' lang='lat' dir='ltr'>properat,</span> <span class='ocrx_word' id='word_1_31' title='bbox 654 650 712 703; x_wconf 90' lang='lat' dir='ltr'><strong>pars</strong></span> <span class='ocrx_word' id='word_1_32' title='bbox 725 632 756 686; x_wconf 87' lang='lat' dir='ltr'><strong>ed</strong></span> <span class='ocrx_word' id='word_1_33' title='bbox 769 631 909 686; x_wconf 87' lang='lat' dir='ltr'>subsidium</span> <span class='ocrx_word' id='word_1_34' title='bbox 924 632 971 696; x_wconf 92' lang='lat' dir='ltr'><strong>sui,</strong></span> 
     </span>
     <span class='ocr_line' id='line_1_6' title="bbox 178 705 998 777; baseline 0.009 -19"><span class='ocrx_word' id='word_1_35' title='bbox 178 706 270 777; x_wconf 89' lang='lat' dir='ltr'><strong>plures</strong></span> <span class='ocrx_word' id='word_1_36' title='bbox 282 705 370 759; x_wconf 84' lang='lat' dir='ltr'><strong>inlecti</strong></span> <span class='ocrx_word' id='word_1_37' title='bbox 383 708 455 776; x_wconf 87' lang='lat' dir='ltr'><strong>quasi</strong></span> <span class='ocrx_word' id='word_1_38' title='bbox 467 708 606 763; x_wconf 88' lang='lat' dir='ltr'><strong>valitudine</strong></span> <span class='ocrx_word' id='word_1_39' title='bbox 617 714 645 763; x_wconf 93' lang='lat' dir='ltr'><strong>et</strong></span> <span class='ocrx_word' id='word_1_40' title='bbox 663 713 790 763; x_wconf 87' lang='lat' dir='ltr'><strong>contactu.</strong></span> <span class='ocrx_word' id='word_1_41' title='bbox 827 708 877 762; x_wconf 81' lang='lat' dir='ltr'><strong>Sed</strong></span> <span class='ocrx_word' id='word_1_42' title='bbox 888 708 998 765; x_wconf 80' lang='lat' dir='ltr'><strong>Minu-5</strong></span> 
     </span>
     <span class='ocr_line' id='line_1_7' title="bbox 179 782 974 855; baseline 0.001 -18"><span class='ocrx_word' id='word_1_43' title='bbox 179 782 238 837; x_wconf 90' lang='lat' dir='ltr'><strong>cius</strong></span> <span class='ocrx_word' id='word_1_44' title='bbox 250 785 278 836; x_wconf 90' lang='lat' dir='ltr'><strong>et</strong></span> <span class='ocrx_word' id='word_1_45' title='bbox 291 782 405 837; x_wconf 80' lang='lat' dir='ltr'><strong>Servaus</strong></span> <span class='ocrx_word' id='word_1_46' title='bbox 418 783 529 839; x_wconf 84' lang='lat' dir='ltr'><strong>damnati</strong></span> <span class='ocrx_word' id='word_1_47' title='bbox 537 785 662 840; x_wconf 89' lang='lat' dir='ltr'><strong>indicibus</strong></span> <span class='ocrx_word' id='word_1_48' title='bbox 675 804 809 840; x_wconf 80' lang='lat' dir='ltr'><strong>accessere.</strong></span> <span class='ocrx_word' id='word_1_49' title='bbox 838 785 974 855; x_wconf 82' lang='lat' dir='ltr'><strong>Tractique</strong></span> 
     </span>
     <span class='ocr_line' id='line_1_8' title="bbox 180 859 973 917; baseline 0.006 -5"><span class='ocrx_word' id='word_1_50' title='bbox 180 862 244 913; x_wconf 86' lang='lat' dir='ltr'><strong>sunt</strong></span> <span class='ocrx_word' id='word_1_51' title='bbox 268 860 296 913; x_wconf 90' lang='lat' dir='ltr'><strong>in</strong></span> <span class='ocrx_word' id='word_1_52' title='bbox 319 877 404 913; x_wconf 85' lang='lat' dir='ltr'><strong>casum</strong></span> <span class='ocrx_word' id='word_1_53' title='bbox 429 859 535 916; x_wconf 84' lang='lat' dir='ltr'><strong>t&#39;undem</strong></span> <span class='ocrx_word' id='word_1_54' title='bbox 557 863 643 917; x_wconf 85' lang='lat' dir='ltr'>Julius</span> <span class='ocrx_word' id='word_1_55' title='bbox 662 863 798 917; x_wconf 79' lang='lat' dir='ltr'><strong>Africanus</strong></span> <span class='ocrx_word' id='word_1_56' title='bbox 819 880 833 917; x_wconf 91' lang='lat' dir='ltr'><strong>e</strong></span> <span class='ocrx_word' id='word_1_57' title='bbox 855 863 973 917; x_wconf 84' lang='lat' dir='ltr'><strong>Santonis</strong></span> 
     </span>
     <span class='ocr_line' id='line_1_9' title="bbox 181 936 974 1011; baseline 0.004 -21"><span class='ocrx_word' id='word_1_58' title='bbox 181 936 282 991; x_wconf 85' lang='lat' dir='ltr'><strong>Gallica</strong></span> <span class='ocrx_word' id='word_1_59' title='bbox 299 936 410 1003; x_wconf 88' lang='lat' dir='ltr'><strong>civitate,</strong></span> <span class='ocrx_word' id='word_1_60' title='bbox 430 939 503 993; x_wconf 83' lang='lat' dir='ltr'><strong>Seius</strong></span> <span class='ocrx_word' id='word_1_61' title='bbox 522 939 686 999; x_wconf 73' lang='lat' dir='ltr'><strong>Quadratus:</strong></span> <span class='ocrx_word' id='word_1_62' title='bbox 707 940 832 1011; x_wconf 83' lang='lat' dir='ltr'><strong>originem</strong></span> <span class='ocrx_word' id='word_1_63' title='bbox 848 958 901 994; x_wconf 92' lang='lat' dir='ltr'><strong>non</strong></span> <span class='ocrx_word' id='word_1_64' title='bbox 917 958 974 1009; x_wconf 78' lang='lat' dir='ltr'><strong>rep</strong></span> 
     </span>
     <span class='ocr_line' id='line_1_10' title="bbox 179 1013 998 1088; baseline 0.005 -21"><span class='ocrx_word' id='word_1_65' title='bbox 179 1014 245 1084; x_wconf 88' lang='lat' dir='ltr'><strong>peri.</strong></span> <span class='ocrx_word' id='word_1_66' title='bbox 290 1013 382 1083; x_wconf 89' lang='lat' dir='ltr'><strong>Neque</strong></span> <span class='ocrx_word' id='word_1_67' title='bbox 406 1033 462 1069; x_wconf 90' lang='lat' dir='ltr'><strong>sum</strong></span> <span class='ocrx_word' id='word_1_68' title='bbox 485 1016 589 1087; x_wconf 84' lang='lat' dir='ltr'><strong>ignarus</strong></span> <span class='ocrx_word' id='word_1_69' title='bbox 614 1035 629 1071; x_wconf 93' lang='lat' dir='ltr'><strong>a</strong></span> <span class='ocrx_word' id='word_1_70' title='bbox 652 1016 779 1088; x_wconf 88' lang='lat' dir='ltr'><strong>plerisque</strong></span> <span class='ocrx_word' id='word_1_71' title='bbox 808 1017 998 1087; x_wconf 77' lang='lat' dir='ltr'><strong>scriptoribust</strong></span> 
     </span>
     <span class='ocr_line' id='line_1_11' title="bbox 180 1090 974 1165; baseline 0.005 -22"><span class='ocrx_word' id='word_1_72' title='bbox 180 1090 278 1144; x_wconf 87' lang='lat' dir='ltr'><strong>omissa</strong></span> <span class='ocrx_word' id='word_1_73' title='bbox 289 1090 428 1145; x_wconf 88' lang='lat' dir='ltr'><strong>multorum</strong></span> <span class='ocrx_word' id='word_1_74' title='bbox 436 1093 549 1162; x_wconf 89' lang='lat' dir='ltr'><strong>pericula</strong></span> <span class='ocrx_word' id='word_1_75' title='bbox 557 1097 583 1148; x_wconf 91' lang='lat' dir='ltr'><strong>et</strong></span> <span class='ocrx_word' id='word_1_76' title='bbox 594 1112 689 1165; x_wconf 83' lang='lat' dir='ltr'><strong>poenas,</strong></span> <span class='ocrx_word' id='word_1_77' title='bbox 700 1093 761 1148; x_wconf 90' lang='lat' dir='ltr'><strong>dum</strong></span> <span class='ocrx_word' id='word_1_78' title='bbox 768 1095 841 1164; x_wconf 90' lang='lat' dir='ltr'><strong>copia</strong></span> <span class='ocrx_word' id='word_1_79' title='bbox 851 1094 974 1148; x_wconf 82' lang='lat' dir='ltr'><strong>fatiscunt</strong></span> 
     </span>
     <span class='ocr_line' id='line_1_12' title="bbox 180 1167 974 1241; baseline 0.005 -21"><span class='ocrx_word' id='word_1_80' title='bbox 180 1170 236 1231; x_wconf 87' lang='lat' dir='ltr'><strong>ant,</strong></span> <span class='ocrx_word' id='word_1_81' title='bbox 257 1185 315 1238; x_wconf 72' lang='lat' dir='ltr'><strong>qnae</strong></span> <span class='ocrx_word' id='word_1_82' title='bbox 332 1167 394 1237; x_wconf 90' lang='lat' dir='ltr'><strong>ipsis</strong></span> <span class='ocrx_word' id='word_1_83' title='bbox 411 1169 489 1223; x_wconf 86' lang='lat' dir='ltr'><strong>nimia</strong></span> <span class='ocrx_word' id='word_1_84' title='bbox 500 1174 527 1224; x_wconf 92' lang='lat' dir='ltr'><strong>et</strong></span> <span class='ocrx_word' id='word_1_85' title='bbox 544 1174 634 1225; x_wconf 80' lang='lat' dir='ltr'><strong>masta</strong></span> <span class='ocrx_word' id='word_1_86' title='bbox 651 1170 760 1235; x_wconf 84' lang='lat' dir='ltr'><strong>fucrant,</strong></span> <span class='ocrx_word' id='word_1_87' title='bbox 779 1189 812 1225; x_wconf 91' lang='lat' dir='ltr'><strong>ne</strong></span> <span class='ocrx_word' id='word_1_88' title='bbox 828 1171 883 1241; x_wconf 88' lang='lat' dir='ltr'><strong>pari</strong></span> <span class='ocrx_word' id='word_1_89' title='bbox 898 1170 974 1225; x_wconf 85' lang='lat' dir='ltr'><strong>tadio</strong></span> 
     </span>
     <span class='ocr_line' id='line_1_13' title="bbox 179 1244 975 1318; baseline 0.003 -19"><span class='ocrx_word' id='word_1_90' title='bbox 179 1244 295 1299; x_wconf 82' lang='lat' dir='ltr'><strong>lecturos</strong></span> <span class='ocrx_word' id='word_1_91' title='bbox 319 1245 449 1301; x_wconf 87' lang='lat' dir='ltr'><strong>afficerent</strong></span> <span class='ocrx_word' id='word_1_92' title='bbox 472 1250 600 1303; x_wconf 89' lang='lat' dir='ltr'><strong>verentur.</strong></span> <span class='ocrx_word' id='word_1_93' title='bbox 648 1247 732 1302; x_wconf 91' lang='lat' dir='ltr'><strong>Nobis</strong></span> <span class='ocrx_word' id='word_1_94' title='bbox 755 1247 874 1318; x_wconf 89' lang='lat' dir='ltr'><strong>pleraque</strong></span> <span class='ocrx_word' id='word_1_95' title='bbox 897 1246 975 1318; x_wconf 81' lang='lat' dir='ltr'><strong>digna</strong></span> 
     </span>
     <span class='ocr_line' id='line_1_14' title="bbox 180 1320 1002 1394; baseline 0.004 -17"><span class='ocrx_word' id='word_1_96' title='bbox 180 1321 290 1392; x_wconf 88' lang='lat' dir='ltr'><strong>cognitu</strong></span> <span class='ocrx_word' id='word_1_97' title='bbox 301 1320 432 1387; x_wconf 87' lang='lat' dir='ltr'><strong>obvenere,</strong></span> <span class='ocrx_word' id='word_1_98' title='bbox 443 1342 585 1394; x_wconf 88' lang='lat' dir='ltr'><strong>quanquam</strong></span> <span class='ocrx_word' id='word_1_99' title='bbox 598 1324 629 1379; x_wconf 87' lang='lat' dir='ltr'><strong>ab</strong></span> <span class='ocrx_word' id='word_1_100' title='bbox 641 1324 697 1379; x_wconf 90' lang='lat' dir='ltr'><strong>aliis</strong></span> <span class='ocrx_word' id='word_1_101' title='bbox 709 1324 869 1379; x_wconf 76' lang='lat' dir='ltr'><strong>incelebrata.</strong></span> <span class='ocrx_word' id='word_1_102' title='bbox 905 1324 973 1378; x_wconf 89' lang='lat' dir='ltr'><strong>Nam</strong></span> <span class='ocrx_word' id='word_1_103' title='bbox 984 1326 1002 1380; x_wconf 91' lang='lat'>8</span> 
     </span>
     <span class='ocr_line' id='line_1_15' title="bbox 180 1400 975 1472; baseline 0.005 -21"><span class='ocrx_word' id='word_1_104' title='bbox 180 1416 214 1452; x_wconf 87' lang='lat' dir='ltr'><strong>ea</strong></span> <span class='ocrx_word' id='word_1_105' title='bbox 230 1402 384 1469; x_wconf 82' lang='lat' dir='ltr'><strong>tempestate</strong></span> <span class='ocrx_word' id='word_1_106' title='bbox 402 1418 453 1470; x_wconf 88' lang='lat' dir='ltr'><strong>qua</strong></span> <span class='ocrx_word' id='word_1_107' title='bbox 471 1400 555 1472; x_wconf 84' lang='lat' dir='ltr'><strong>Sejani</strong></span> <span class='ocrx_word' id='word_1_108' title='bbox 571 1401 706 1455; x_wconf 83' lang='lat' dir='ltr'><strong>amicitiam</strong></span> <span class='ocrx_word' id='word_1_109' title='bbox 725 1401 804 1455; x_wconf 87' lang='lat' dir='ltr'><strong>ceteri</strong></span> <span class='ocrx_word' id='word_1_110' title='bbox 820 1401 884 1455; x_wconf 85' lang='lat' dir='ltr'><strong>salso</strong></span> <span class='ocrx_word' id='word_1_111' title='bbox 900 1419 975 1455; x_wconf 83' lang='lat' dir='ltr'><strong>exne-</strong></span> 
     </span>
     <span class='ocr_line' id='line_1_16' title="bbox 180 1477 975 1547; baseline 0.003 -18"><span class='ocrx_word' id='word_1_112' title='bbox 180 1478 249 1539; x_wconf 91' lang='lat' dir='ltr'><strong>raut,</strong></span> <span class='ocrx_word' id='word_1_113' title='bbox 269 1492 346 1530; x_wconf 86' lang='lat' dir='ltr'><strong>ausus</strong></span> <span class='ocrx_word' id='word_1_114' title='bbox 370 1480 410 1531; x_wconf 86' lang='lat' dir='ltr'><strong>est</strong></span> <span class='ocrx_word' id='word_1_115' title='bbox 429 1495 506 1547; x_wconf 88' lang='lat' dir='ltr'><strong>eques</strong></span> <span class='ocrx_word' id='word_1_116' title='bbox 527 1478 658 1532; x_wconf 84' lang='lat' dir='ltr'><strong>Romanas</strong></span> <span class='ocrx_word' id='word_1_117' title='bbox 679 1477 717 1532; x_wconf 88' lang='grc' dir='ltr'><strong>Μ,</strong></span> <span class='ocrx_word' id='word_1_118' title='bbox 735 1477 876 1541; x_wconf 82' lang='lat' dir='ltr'><strong>Terentius,</strong></span> <span class='ocrx_word' id='word_1_119' title='bbox 895 1478 928 1532; x_wconf 95' lang='lat' dir='ltr'><strong>ob</strong></span> <span class='ocrx_word' id='word_1_120' title='bbox 946 1477 975 1531; x_wconf 90' lang='lat' dir='ltr'><strong>id</strong></span> 
     </span>
     <span class='ocr_line' id='line_1_17' title="bbox 181 1552 973 1625; baseline 0.003 -20"><span class='ocrx_word' id='word_1_121' title='bbox 181 1570 250 1616; x_wconf 87' lang='lat' dir='ltr'><strong>rens,</strong></span> <span class='ocrx_word' id='word_1_122' title='bbox 260 1552 385 1623; x_wconf 87' lang='lat' dir='ltr'><strong>amplecti,</strong></span> <span class='ocrx_word' id='word_1_123' title='bbox 395 1552 426 1607; x_wconf 86' lang='lat' dir='ltr'><strong>ad</strong></span> <span class='ocrx_word' id='word_1_124' title='bbox 437 1554 506 1609; x_wconf 87' lang='lat' dir='ltr'><strong>hunc</strong></span> <span class='ocrx_word' id='word_1_125' title='bbox 518 1554 619 1608; x_wconf 87' lang='lat' dir='ltr'><strong>modum</strong></span> <span class='ocrx_word' id='word_1_126' title='bbox 629 1553 698 1625; x_wconf 87' lang='lat' dir='ltr'><strong>apnd</strong></span> <span class='ocrx_word' id='word_1_127' title='bbox 708 1558 824 1609; x_wconf 85' lang='lat' dir='ltr'><strong>senatum</strong></span> <span class='ocrx_word' id='word_1_128' title='bbox 837 1553 973 1608; x_wconf 86' lang='lat' dir='ltr'><strong>ordiendo:</strong></span> 
     </span>
     <span class='ocr_line' id='line_1_18' title="bbox 183 1628 998 1702; baseline 0.004 -20"><span class='ocrx_word' id='word_1_129' title='bbox 183 1632 199 1659; x_wconf 86' lang='lat'><strong>“</strong></span> <span class='ocrx_word' id='word_1_130' title='bbox 211 1628 333 1683; x_wconf 81' lang='lat' dir='ltr'><strong>Fortuna</strong></span> <span class='ocrx_word' id='word_1_131' title='bbox 346 1629 446 1701; x_wconf 88' lang='lat' dir='ltr'><strong>quidem</strong></span> <span class='ocrx_word' id='word_1_132' title='bbox 457 1649 521 1685; x_wconf 82' lang='lat' dir='ltr'><strong>mea</strong></span> <span class='ocrx_word' id='word_1_133' title='bbox 533 1630 642 1685; x_wconf 87' lang='lat' dir='ltr'><strong>fortasse</strong></span> <span class='ocrx_word' id='word_1_134' title='bbox 654 1632 738 1686; x_wconf 90' lang='lat' dir='ltr'><strong>minus</strong></span> <span class='ocrx_word' id='word_1_135' title='bbox 754 1630 871 1701; x_wconf 84' lang='lat' dir='ltr'><strong>expediat</strong></span> <span class='ocrx_word' id='word_1_136' title='bbox 884 1640 998 1702; x_wconf 82' lang='lat' dir='ltr'><strong>agnos-2</strong></span> 
     </span>
     <span class='ocr_line' id='line_1_19' title="bbox 128 1706 974 1780; baseline 0.004 -19"><span class='ocrx_word' id='word_1_137' title='bbox 128 1724 129 1761; x_wconf 49' lang='grc' dir='ltr'><em>ὲ</em></span> <span class='ocrx_word' id='word_1_138' title='bbox 182 1706 352 1776; x_wconf 75' lang='lat' dir='ltr'><strong>cerecrimen</strong></span> <span class='ocrx_word' id='word_1_139' title='bbox 369 1726 444 1779; x_wconf 88' lang='lat' dir='ltr'><strong>quam</strong></span> <span class='ocrx_word' id='word_1_140' title='bbox 463 1708 580 1764; x_wconf 87' lang='lat' dir='ltr'><strong>abnuere.</strong></span> <span class='ocrx_word' id='word_1_141' title='bbox 617 1708 667 1765; x_wconf 89' lang='lat' dir='ltr'><strong>Sed</strong></span> <span class='ocrx_word' id='word_1_142' title='bbox 683 1712 815 1780; x_wconf 89' lang='lat' dir='ltr'><strong>utcunque</strong></span> <span class='ocrx_word' id='word_1_143' title='bbox 827 1726 917 1764; x_wconf 88' lang='lat' dir='ltr'><strong>casura</strong></span> <span class='ocrx_word' id='word_1_144' title='bbox 933 1726 974 1764; x_wconf 87' lang='lat' dir='ltr'><strong>rea</strong></span> 
     </span>
     <span class='ocr_line' id='line_1_20' title="bbox 182 1784 975 1858; baseline 0.003 -20"><span class='ocrx_word' id='word_1_145' title='bbox 182 1788 232 1850; x_wconf 90' lang='lat' dir='ltr'><strong>cst,</strong></span> <span class='ocrx_word' id='word_1_146' title='bbox 249 1784 349 1840; x_wconf 84' lang='lat' dir='ltr'><strong>fatebor</strong></span> <span class='ocrx_word' id='word_1_147' title='bbox 365 1791 392 1840; x_wconf 90' lang='lat' dir='ltr'><strong>et</strong></span> <span class='ocrx_word' id='word_1_148' title='bbox 408 1785 488 1841; x_wconf 82' lang='lat' dir='ltr'><strong>inisse</strong></span> <span class='ocrx_word' id='word_1_149' title='bbox 503 1805 545 1841; x_wconf 91' lang='lat' dir='ltr'><strong>me</strong></span> <span class='ocrx_word' id='word_1_150' title='bbox 562 1787 654 1858; x_wconf 86' lang='lat' dir='ltr'><strong>Sejauo</strong></span> <span class='ocrx_word' id='word_1_151' title='bbox 669 1787 786 1852; x_wconf 88' lang='lat' dir='ltr'><strong>amicum,</strong></span> <span class='ocrx_word' id='word_1_152' title='bbox 803 1791 830 1841; x_wconf 92' lang='lat' dir='ltr'><strong>et</strong></span> <span class='ocrx_word' id='word_1_153' title='bbox 846 1792 975 1841; x_wconf 83' lang='lat' dir='ltr'><strong>atessam</strong></span> 
     </span>
     <span class='ocr_line' id='line_1_21' title="bbox 183 1863 998 1934; baseline 0.002 -18"><span class='ocrx_word' id='word_1_154' title='bbox 183 1863 321 1932; x_wconf 81' lang='lat' dir='ltr'><strong>expetisse,</strong></span> <span class='ocrx_word' id='word_1_155' title='bbox 330 1869 358 1917; x_wconf 86' lang='lat' dir='ltr'><strong>et</strong></span> <span class='ocrx_word' id='word_1_156' title='bbox 366 1867 501 1934; x_wconf 87' lang='lat' dir='ltr'><strong>postquam</strong></span> <span class='ocrx_word' id='word_1_157' title='bbox 513 1863 620 1934; x_wconf 88' lang='lat' dir='ltr'><strong>adeptus</strong></span> <span class='ocrx_word' id='word_1_158' title='bbox 633 1883 701 1918; x_wconf 88' lang='lat' dir='ltr'><strong>eram</strong></span> <span class='ocrx_word' id='word_1_159' title='bbox 710 1863 831 1918; x_wconf 74' lang='lat' dir='ltr'><strong>laetatam.</strong></span> <span class='ocrx_word' id='word_1_160' title='bbox 853 1863 998 1919; x_wconf 73' lang='lat' dir='ltr'><strong>Viderama</strong></span> 
     </span>
     <span class='ocr_line' id='line_1_22' title="bbox 183 1939 974 2012; baseline 0 -18"><span class='ocrx_word' id='word_1_161' title='bbox 183 1939 306 2009; x_wconf 83' lang='lat' dir='ltr'><strong>collegam</strong></span> <span class='ocrx_word' id='word_1_162' title='bbox 318 1940 398 2010; x_wconf 88' lang='lat' dir='ltr'><strong>patris</strong></span> <span class='ocrx_word' id='word_1_163' title='bbox 407 1939 524 2012; x_wconf 86' lang='lat' dir='ltr'><strong>regendis</strong></span> <span class='ocrx_word' id='word_1_164' title='bbox 536 1941 662 2012; x_wconf 80' lang='lat' dir='ltr'><strong>praetoriis</strong></span> <span class='ocrx_word' id='word_1_165' title='bbox 671 1940 825 2009; x_wconf 87' lang='lat' dir='ltr'><strong>cohortibus,</strong></span> <span class='ocrx_word' id='word_1_166' title='bbox 832 1958 892 1994; x_wconf 82' lang='lat' dir='ltr'><strong>mox</strong></span> <span class='ocrx_word' id='word_1_167' title='bbox 903 1940 974 1995; x_wconf 90' lang='lat' dir='ltr'><strong>urbis</strong></span> 
     </span>
     <span class='ocr_line' id='line_1_23' title="bbox 182 2015 999 2089; baseline 0 -19"><span class='ocrx_word' id='word_1_168' title='bbox 182 2021 211 2070; x_wconf 88' lang='lat' dir='ltr'><strong>et</strong></span> <span class='ocrx_word' id='word_1_169' title='bbox 222 2015 320 2070; x_wconf 80' lang='lat' dir='ltr'><strong>militiae</strong></span> <span class='ocrx_word' id='word_1_170' title='bbox 336 2017 422 2072; x_wconf 86' lang='lat' dir='ltr'><strong>munia</strong></span> <span class='ocrx_word' id='word_1_171' title='bbox 438 2017 513 2072; x_wconf 89' lang='lat' dir='ltr'><strong>simul</strong></span> <span class='ocrx_word' id='word_1_172' title='bbox 529 2017 674 2073; x_wconf 85' lang='lat' dir='ltr'><strong>obeuntem.</strong></span> <span class='ocrx_word' id='word_1_173' title='bbox 710 2017 784 2072; x_wconf 86' lang='lat' dir='ltr'><strong>Illius</strong></span> <span class='ocrx_word' id='word_1_174' title='bbox 800 2017 935 2089; x_wconf 90' lang='lat' dir='ltr'><strong>propinqui</strong></span> <span class='ocrx_word' id='word_1_175' title='bbox 946 2021 999 2070; x_wconf 72' lang='lat' dir='ltr'><strong>etl</strong></span> 
     </span>
     <span class='ocr_line' id='line_1_24' title="bbox 182 2093 974 2166; baseline -0.001 -19"><span class='ocrx_word' id='word_1_176' title='bbox 182 2094 273 2148; x_wconf 82' lang='lat' dir='ltr'><strong>affines</strong></span> <span class='ocrx_word' id='word_1_177' title='bbox 289 2093 426 2149; x_wconf 89' lang='lat' dir='ltr'><strong>honoribus</strong></span> <span class='ocrx_word' id='word_1_178' title='bbox 443 2094 618 2166; x_wconf 82' lang='lat' dir='ltr'><strong>angebantur3</strong></span> <span class='ocrx_word' id='word_1_179' title='bbox 635 2099 667 2149; x_wconf 90' lang='lat' dir='ltr'><strong>ut</strong></span> <span class='ocrx_word' id='word_1_180' title='bbox 683 2095 791 2166; x_wconf 89' lang='lat' dir='ltr'><strong>quisque</strong></span> <span class='ocrx_word' id='word_1_181' title='bbox 807 2095 898 2165; x_wconf 83' lang='lat' dir='ltr'><strong>Sejano</strong></span> <span class='ocrx_word' id='word_1_182' title='bbox 916 2093 974 2147; x_wconf 85' lang='lat' dir='ltr'><strong>inti·</strong></span> 
     </span>
     <span class='ocr_line' id='line_1_25' title="bbox 182 2169 974 2241; baseline -0.001 -17"><span class='ocrx_word' id='word_1_183' title='bbox 182 2189 249 2234; x_wconf 90' lang='lat' dir='ltr'><strong>mus,</strong></span> <span class='ocrx_word' id='word_1_184' title='bbox 265 2169 302 2224; x_wconf 88' lang='lat' dir='ltr'><strong>ita</strong></span> <span class='ocrx_word' id='word_1_185' title='bbox 318 2169 350 2224; x_wconf 87' lang='lat' dir='ltr'><strong>ad</strong></span> <span class='ocrx_word' id='word_1_186' title='bbox 367 2171 474 2226; x_wconf 87' lang='lat' dir='ltr'><strong>Caesaris</strong></span> <span class='ocrx_word' id='word_1_187' title='bbox 492 2171 627 2226; x_wconf 90' lang='lat' dir='ltr'><strong>amicitiem</strong></span> <span class='ocrx_word' id='word_1_188' title='bbox 645 2171 759 2237; x_wconf 62' lang='lat' dir='ltr'><strong>validum</strong></span> <span class='ocrx_word' id='word_1_189' title='bbox 778 2176 868 2226; x_wconf 85' lang='lat' dir='ltr'><strong>contra</strong></span> <span class='ocrx_word' id='word_1_190' title='bbox 882 2170 974 2241; x_wconf 86' lang='lat' dir='ltr'><strong>quibus</strong></span> 
     </span>
     <span class='ocr_line' id='line_1_26' title="bbox 131 2247 999 2313; baseline -0.001 -11"><span class='ocrx_word' id='word_1_191' title='bbox 131 2271 132 2292; x_wconf 74' lang='lat'>1</span> <span class='ocrx_word' id='word_1_192' title='bbox 182 2247 298 2302; x_wconf 76' lang='lat' dir='ltr'><strong>infensus</strong></span> <span class='ocrx_word' id='word_1_193' title='bbox 316 2251 391 2313; x_wconf 89' lang='lat' dir='ltr'><strong>esset,</strong></span> <span class='ocrx_word' id='word_1_194' title='bbox 404 2253 475 2303; x_wconf 90' lang='lat' dir='ltr'><strong>metu</strong></span> <span class='ocrx_word' id='word_1_195' title='bbox 486 2267 516 2303; x_wconf 88' lang='lat' dir='ltr'><strong>ac</strong></span> <span class='ocrx_word' id='word_1_196' title='bbox 532 2247 649 2303; x_wconf 86' lang='lat' dir='ltr'><strong>sordibus</strong></span> <span class='ocrx_word' id='word_1_197' title='bbox 665 2247 882 2304; x_wconf 84' lang='lat' dir='ltr'><strong>conflictabantur.</strong></span> <span class='ocrx_word' id='word_1_198' title='bbox 918 2247 999 2302; x_wconf 75' lang='lat' dir='ltr'><strong>Ncct</strong></span> 
     </span>
     <span class='ocr_line' id='line_1_27' title="bbox 133 2322 976 2396; baseline 0 -18"><span class='ocrx_word' id='word_1_199' title='bbox 133 2322 136 2333; x_wconf 93' lang='lat'>&#39;</span> <span class='ocrx_word' id='word_1_200' title='bbox 184 2339 336 2395; x_wconf 86' lang='lat' dir='ltr'><strong>quemqnam</strong></span> <span class='ocrx_word' id='word_1_201' title='bbox 360 2325 476 2396; x_wconf 85' lang='lat' dir='ltr'><strong>exemplo</strong></span> <span class='ocrx_word' id='word_1_202' title='bbox 500 2343 617 2380; x_wconf 89' lang='lat' dir='ltr'><strong>assumo:</strong></span> <span class='ocrx_word' id='word_1_203' title='bbox 648 2331 754 2380; x_wconf 89' lang='lat' dir='ltr'><strong>cunctos</strong></span> <span class='ocrx_word' id='word_1_204' title='bbox 778 2325 823 2394; x_wconf 90' lang='lat' dir='ltr'><strong>qui</strong></span> <span class='ocrx_word' id='word_1_205' title='bbox 844 2323 976 2379; x_wconf 83' lang='lat' dir='ltr'><strong>novissimi</strong></span> 
     </span>
     <span class='ocr_line' id='line_1_28' title="bbox 183 2400 1064 2472; baseline 0.001 -17"><span class='ocrx_word' id='word_1_206' title='bbox 183 2401 283 2456; x_wconf 89' lang='lat' dir='ltr'><strong>consilii</strong></span> <span class='ocrx_word' id='word_1_207' title='bbox 301 2410 418 2472; x_wconf 84' lang='lat' dir='ltr'><strong>expertes</strong></span> <span class='ocrx_word' id='word_1_208' title='bbox 436 2403 539 2467; x_wconf 85' lang='lat' dir='ltr'><strong>fuimus,</strong></span> <span class='ocrx_word' id='word_1_209' title='bbox 558 2420 614 2456; x_wconf 88' lang='lat' dir='ltr'><strong>meo</strong></span> <span class='ocrx_word' id='word_1_210' title='bbox 632 2402 708 2456; x_wconf 90' lang='lat' dir='ltr'><strong>nnius</strong></span> <span class='ocrx_word' id='word_1_211' title='bbox 728 2400 870 2456; x_wconf 85' lang='lat' dir='ltr'><strong>discrimine</strong></span> <span class='ocrx_word' id='word_1_212' title='bbox 891 2400 975 2456; x_wconf 85' lang='lat' dir='ltr'><strong>defen·</strong></span> <span class='ocrx_word' id='word_1_213' title='bbox 1061 2451 1064 2456; x_wconf 88' lang='lat'>.</span> 
     </span>
     <span class='ocr_line' id='line_1_29' title="bbox 184 2477 999 2550; baseline -0.001 -17"><span class='ocrx_word' id='word_1_214' title='bbox 184 2478 249 2533; x_wconf 85' lang='lat' dir='ltr'><strong>dam.</strong></span> <span class='ocrx_word' id='word_1_215' title='bbox 287 2477 348 2532; x_wconf 94' lang='lat' dir='ltr'><strong>Non</strong></span> <span class='ocrx_word' id='word_1_216' title='bbox 365 2479 431 2534; x_wconf 92' lang='lat' dir='ltr'><strong>enim</strong></span> <span class='ocrx_word' id='word_1_217' title='bbox 451 2479 570 2550; x_wconf 87' lang='lat' dir='ltr'><strong>Sejanum</strong></span> <span class='ocrx_word' id='word_1_218' title='bbox 585 2478 782 2543; x_wconf 88' lang='lat' dir='ltr'><strong>Vulsiniensem,</strong></span> <span class='ocrx_word' id='word_1_219' title='bbox 801 2477 847 2532; x_wconf 87' lang='lat' dir='ltr'><strong>sed</strong></span> <span class='ocrx_word' id='word_1_220' title='bbox 864 2477 999 2533; x_wconf 70' lang='lat' dir='ltr'><strong>Claudiae</strong></span> 
     </span>
     <span class='ocr_line' id='line_1_30' title="bbox 184 2554 974 2628; baseline -0.003 -18"><span class='ocrx_word' id='word_1_221' title='bbox 184 2560 211 2610; x_wconf 88' lang='lat' dir='ltr'><strong>et</strong></span> <span class='ocrx_word' id='word_1_222' title='bbox 234 2554 311 2609; x_wconf 76' lang='lat' dir='ltr'><strong>Juliae</strong></span> <span class='ocrx_word' id='word_1_223' title='bbox 334 2554 424 2610; x_wconf 89' lang='lat' dir='ltr'><strong>domus</strong></span> <span class='ocrx_word' id='word_1_224' title='bbox 445 2561 551 2628; x_wconf 86' lang='lat' dir='ltr'><strong>partem,</strong></span> <span class='ocrx_word' id='word_1_225' title='bbox 574 2574 637 2626; x_wconf 86' lang='lat' dir='ltr'><strong>quas</strong></span> <span class='ocrx_word' id='word_1_226' title='bbox 657 2555 781 2610; x_wconf 89' lang='lat' dir='ltr'><strong>affinitate</strong></span> <span class='ocrx_word' id='word_1_227' title='bbox 799 2561 974 2626; x_wconf 81' lang='lat' dir='ltr'><strong>occupaverat.</strong></span> 
     </span>
     <span class='ocr_line' id='line_1_31' title="bbox 184 2631 977 2704; baseline -0.003 -17"><span class='ocrx_word' id='word_1_228' title='bbox 184 2636 267 2696; x_wconf 83' lang='lat' dir='ltr'><strong>tuum,</strong></span> <span class='ocrx_word' id='word_1_229' title='bbox 293 2631 385 2697; x_wconf 76' lang='lat' dir='ltr'><strong>Caesar,</strong></span> <span class='ocrx_word' id='word_1_230' title='bbox 411 2652 540 2704; x_wconf 87' lang='lat' dir='ltr'><strong>generum,</strong></span> <span class='ocrx_word' id='word_1_231' title='bbox 563 2635 604 2687; x_wconf 86' lang='lat' dir='ltr'><strong>tui</strong></span> <span class='ocrx_word' id='word_1_232' title='bbox 631 2632 778 2688; x_wconf 85' lang='lat' dir='ltr'><strong>consulatus</strong></span> <span class='ocrx_word' id='word_1_233' title='bbox 802 2633 906 2697; x_wconf 84' lang='lat' dir='ltr'><strong>socium,</strong></span> <span class='ocrx_word' id='word_1_234' title='bbox 930 2636 977 2686; x_wconf 87' lang='lat' dir='ltr'><strong>tua</strong></span> 
     </span>
     <span class='ocr_line' id='line_1_32' title="bbox 185 2709 1001 2782; baseline -0.002 -18"><span class='ocrx_word' id='word_1_235' title='bbox 185 2710 266 2764; x_wconf 88' lang='lat' dir='ltr'><strong>officia</strong></span> <span class='ocrx_word' id='word_1_236' title='bbox 276 2709 304 2764; x_wconf 91' lang='lat' dir='ltr'><strong>in</strong></span> <span class='ocrx_word' id='word_1_237' title='bbox 315 2727 343 2764; x_wconf 89' lang='lat' dir='ltr'><strong>re</strong></span> <span class='ocrx_word' id='word_1_238' title='bbox 359 2709 460 2781; x_wconf 89' lang='lat' dir='ltr'><strong>publica</strong></span> <span class='ocrx_word' id='word_1_239' title='bbox 476 2714 657 2782; x_wconf 87' lang='lat' dir='ltr'><strong>capessentem,</strong></span> <span class='ocrx_word' id='word_1_240' title='bbox 670 2710 821 2765; x_wconf 91' lang='lat' dir='ltr'><strong>colebamus.</strong></span> <span class='ocrx_word' id='word_1_241' title='bbox 858 2710 919 2764; x_wconf 91' lang='lat' dir='ltr'><strong>Non</strong></span> <span class='ocrx_word' id='word_1_242' title='bbox 935 2713 1001 2770; x_wconf 71' lang='lat' dir='ltr'><strong>cst?</strong></span> 
     </span>
     <span class='ocr_line' id='line_1_33' title="bbox 185 2784 976 2858; baseline -0.004 -17"><span class='ocrx_word' id='word_1_243' title='bbox 185 2791 299 2841; x_wconf 87' lang='lat' dir='ltr'><strong>nostrum</strong></span> <span class='ocrx_word' id='word_1_244' title='bbox 324 2787 457 2852; x_wconf 73' lang='lat' dir='ltr'><strong>aestimare,</strong></span> <span class='ocrx_word' id='word_1_245' title='bbox 477 2806 552 2858; x_wconf 88' lang='lat' dir='ltr'><strong>quem</strong></span> <span class='ocrx_word' id='word_1_246' title='bbox 576 2805 653 2857; x_wconf 88' lang='lat' dir='ltr'><strong>supra</strong></span> <span class='ocrx_word' id='word_1_247' title='bbox 671 2791 769 2842; x_wconf 87' lang='lat' dir='ltr'><strong>ceteros</strong></span> <span class='ocrx_word' id='word_1_248' title='bbox 787 2793 814 2841; x_wconf 87' lang='lat' dir='ltr'><strong>et</strong></span> <span class='ocrx_word' id='word_1_249' title='bbox 832 2785 923 2857; x_wconf 89' lang='lat' dir='ltr'><strong>quibus</strong></span> <span class='ocrx_word' id='word_1_250' title='bbox 944 2784 976 2839; x_wconf 89' lang='lat' dir='ltr'><strong>de</strong></span> 
     </span>
     <span class='ocr_line' id='line_1_34' title="bbox 186 2861 976 2937; baseline -0.006 -18"><span class='ocrx_word' id='word_1_251' title='bbox 186 2865 268 2920; x_wconf 83' lang='lat' dir='ltr'><strong>causis</strong></span> <span class='ocrx_word' id='word_1_252' title='bbox 286 2863 402 2920; x_wconf 82' lang='lat' dir='ltr'><strong>extollas.</strong></span> <span class='ocrx_word' id='word_1_253' title='bbox 445 2866 503 2920; x_wconf 69' lang='lat' dir='ltr'><strong>ulti</strong></span> <span class='ocrx_word' id='word_1_254' title='bbox 520 2879 646 2920; x_wconf 89' lang='lat' dir='ltr'><strong>summum</strong></span> <span class='ocrx_word' id='word_1_255' title='bbox 663 2884 748 2920; x_wconf 90' lang='lat' dir='ltr'><strong>rernm</strong></span> <span class='ocrx_word' id='word_1_256' title='bbox 757 2865 880 2937; x_wconf 85' lang='lat' dir='ltr'><strong>judicium</strong></span> <span class='ocrx_word' id='word_1_257' title='bbox 892 2862 920 2916; x_wconf 89' lang='lat' dir='ltr'><strong>di</strong></span> <span class='ocrx_word' id='word_1_258' title='bbox 933 2861 976 2915; x_wconf 89' lang='lat' dir='ltr'><strong>de-</strong></span> 
     </span>
     <span class='ocr_line' id='line_1_35' title="bbox 188 2941 1000 3015; baseline 0.001 -19"><span class='ocrx_word' id='word_1_259' title='bbox 188 2941 260 2998; x_wconf 85' lang='lat' dir='ltr'><strong>dere:</strong></span> <span class='ocrx_word' id='word_1_260' title='bbox 290 2941 364 2997; x_wconf 91' lang='lat' dir='ltr'><strong>nobis</strong></span> <span class='ocrx_word' id='word_1_261' title='bbox 388 2941 503 3015; x_wconf 89' lang='lat' dir='ltr'><strong>obsequii</strong></span> <span class='ocrx_word' id='word_1_262' title='bbox 525 2943 607 3014; x_wconf 79' lang='lat' dir='ltr'><strong>gloria</strong></span> <span class='ocrx_word' id='word_1_263' title='bbox 629 2942 719 2998; x_wconf 87' lang='lat' dir='ltr'><strong>relicta</strong></span> <span class='ocrx_word' id='word_1_264' title='bbox 741 2947 788 2997; x_wconf 89' lang='lat' dir='ltr'><strong>est.</strong></span> <span class='ocrx_word' id='word_1_265' title='bbox 828 2941 1000 3011; x_wconf 73' lang='lat' dir='ltr'><strong>spectamust</strong></span> 
     </span>
    </p>
   </div>
   <div class='ocr_carea' id='block_1_3' title="bbox 0 0 1292 3500">
    <p class='ocr_par' dir='ltr' id='par_1_3' title="bbox 0 0 1292 3500">
     <span class='ocr_line' id='line_1_36' title="bbox 0 0 1292 3500; baseline 0 0"><span class='ocrx_word' id='word_1_266' title='bbox 0 0 1292 3500; x_wconf 95' lang='lat' dir='ltr'><strong> </strong></span> 
     </span>
    </p>
   </div>
  </div>
 </body>
</html>
