2550 3500
249 385 282 434 ta
584 384 704 436 raom

864 498 871 511 ·
888 445 913 486 A.
925 447 954 487 u.
963 447 1043 489 ecca

249 495 362 551 deorum
381 495 514 567 promissa,
535 515 669 570 magorum
687 515 767 564 secra,
789 515 946 554 summorum
963 498 1044 555 etiam

249 573 401 644 interpretes
417 573 517 644 impulit
528 593 535 638 ;
553 573 614 628 dum
632 592 755 646 proavum
765 576 921 646 Pompeium,
934 575 1039 629 amitam

250 649 415 715 Scriboniam,
443 668 499 720 que
528 651 656 722 qnondam
682 652 797 725 Augusti
825 652 921 723 conjux
949 651 1044 715 fuerat,

249 729 412 785 consobrinos
437 730 557 796 Cesarea,
581 731 681 803 plenam
701 733 854 805 imaginibus
877 732 981 787 domum
1004 750 1046 785 cad

249 809 341 872 tentat,
355 807 522 879 hortaturque
534 808 566 864 ed
577 809 666 864 luxum
677 814 704 865 et
716 829 751 866 ae
763 810 881 874 alienum,
893 809 978 864 socius
987 808 1048 864 libis

250 883 337 938 diuum
355 888 381 940 at
399 886 587 952 necessitatum,
607 905 657 958 quo
675 887 790 958 pluribus
807 886 906 942 indiciis
923 886 1045 958 illigaret.
1145 943 1147 971 Ι

206 961 289 1018 aaut
308 961 371 1016 satis
389 963 496 1018 testium
511 966 538 1018 et
556 963 600 1034 qui
617 965 684 1020 servi
701 964 788 1020 eadem
804 968 940 1021 noscerent
955 981 1046 1034 reppe-

229 1067 232 1072 ·
250 1038 293 1104 rit,
306 1036 403 1094 aditum
418 1038 451 1094 ad
464 1039 602 1112 prinoipem
617 1041 738 1112 postulet,
750 1041 923 1096 demonstrato
939 1041 1046 1096 minrine
1145 1050 1147 1077 =

254 1123 281 1171 et
293 1133 337 1172 rec
355 1133 401 1187 par
421 1115 539 1172 Flaccum
560 1118 737 1174 Vescularium
757 1119 869 1191 equitem
889 1118 1043 1183 Romanurn,

228 1193 296 1252 2oui
314 1194 416 1264 propior
433 1212 491 1249 cum
509 1195 610 1250 Tiberio
628 1215 691 1250 usus
708 1200 771 1252 erat.
809 1196 902 1261 Cesar,
921 1195 1046 1251 indicium

250 1269 319 1325 haud
331 1275 488 1342 aspernatus,
501 1289 652 1344 congressus
664 1273 767 1328 abnuit:
786 1291 861 1345 posse
872 1272 940 1328 enim
951 1273 1043 1328 wdem

228 1347 341 1403 3Flaceo
353 1349 510 1404 internuntio
522 1368 650 1406 sermones
659 1369 806 1406 commeare.
842 1352 930 1421 Atque
940 1349 1044 1406 interim

249 1425 374 1481 Libonem
385 1430 459 1481 ornat
476 1431 594 1497 pratura,
607 1428 765 1484 convictibus
783 1427 894 1496 utimr,
905 1445 959 1482 non
969 1427 1044 1482 vultu

252 1503 384 1570 alienatus,
395 1522 446 1559 non
457 1505 541 1560 verbis
554 1506 703 1561 commotior
715 1505 790 1576 (adeo
798 1505 862 1561 num
871 1505 1044 1573 condiderat);

252 1585 394 1653 cuncteque
411 1582 467 1653 ejus
485 1581 554 1637 diota
572 1583 697 1654 factaque,
716 1601 775 1639 oum
793 1583 928 1655 probibere
947 1587 1042 1654 posset,

252 1657 317 1713 scire
337 1658 453 1725 malebat,
476 1658 556 1715 donee
576 1661 670 1716 Junius
689 1660 799 1732 quidam,
820 1664 935 1716 tentatus
955 1664 987 1715 ut
1005 1660 1044 1715 in-

251 1735 336 1792 fernas
353 1736 455 1793 umbras
474 1737 625 1793 carminibus
641 1738 751 1806 eliceret,
764 1737 797 1795 ad
814 1737 957 1795 Fulcinium
973 1738 1043 1793 Trio-

229 1816 309 1869 Anem
319 1812 440 1869 indicium
449 1813 548 1869 detulit.
585 1814 691 1871 Celebre
698 1816 766 1872 inter
775 1820 934 1872 accusatores
943 1815 1043 1871 Trionis

253 1890 383 1963 ingenium
394 1901 457 1957 eret,
470 1892 621 1963 avidumque
632 1892 706 1949 fama
717 1893 797 1949 unde
833 1893 927 1949 Statim
938 1893 1044 1964 corripit

228 1976 243 2021 5
254 1987 332 2034 reum,
341 1968 395 2023 adit
407 1969 530 2034 consules,
540 1970 711 2042 cognitionem
722 1975 827 2027 senatus
838 1970 931 2043 poscit.
955 1970 991 2025 Et
999 1988 1044 2025 vo-

229 2086 238 2093 -«
254 2050 344 2127 centur
360 2050 452 2127 patres,
465 2046 552 2129 addito
570 2048 765 2103 consultandum
779 2067 856 2120 super
870 2067 899 2130 pe
912 2066 1006 2129 magno
1015 2050 1043 2102 et

206 2116 245 2171 29
254 2122 341 2173 atroar.
377 2114 443 2171 Libo
463 2123 565 2173 interim
576 2122 649 2174 veste
660 2123 761 2173 mutata
772 2137 831 2175 cum
844 2118 996 2191 primoribus
1007 2118 1043 2173 ie·

254 2194 328 2249 minis
344 2192 476 2250 circumire
494 2193 589 2261 domos,
606 2214 679 2251 orare
694 2198 791 2262 affines,
804 2214 893 2252 vocem
909 2194 1043 2250 adversum

254 2272 365 2343 pericula
377 2290 486 2344 poscere,
500 2272 669 2329 abnuentibus
681 2274 787 2340 cunctis,
800 2292 859 2329 cum
870 2272 970 2329 diversa
980 2291 1042 2344 prae

230 2349 394 2415 uenderent,
419 2350 507 2407 eadem
532 2350 674 2407 formidine.
717 2352 768 2407 Die
791 2355 895 2407 senatus
920 2354 993 2406 metu
1014 2352 1042 2405 et

254 2426 404 2499 egritudine
420 2428 510 2494 fessus,
528 2429 588 2495 sive,
606 2433 637 2484 ut
655 2428 782 2485 tradidere
798 2428 908 2501 quidam,
924 2427 1042 2483 simulato
1146 2500 1148 2505 .

254 2504 350 2570 morbo,
362 2505 453 2561 lectica
468 2505 566 2562 delatus
578 2505 611 2561 ad
628 2506 696 2562 fores
712 2506 788 2562 ouria
799 2506 948 2577 innisusque
959 2504 1041 2570 fratri,

256 2586 283 2637 et
295 2600 383 2637 manus
391 2600 420 2639 ac
432 2583 557 2655 supplices
566 2602 642 2639 voees
654 2583 687 2639 ad
695 2583 824 2639 'liberium
831 2579 946 2649 tendens,
955 2582 1042 2639 immo·

232 2666 283 2715 tto
295 2660 351 2731 ejus
361 2659 435 2715 vultu
446 2660 579 2731 excipitur.
606 2660 672 2717 Mox
682 2660 779 2717 libellos
788 2664 815 2716 et
824 2664 940 2716 auctores
951 2658 1043 2715 recitat

256 2737 349 2803 Cesar,
362 2736 399 2791 ita
409 2736 549 2803 moderans,
559 2756 592 2793 ne
600 2736 680 2795 lenire
691 2757 755 2795 neve
766 2757 882 2810 asperare
893 2737 999 2793 crimina
1005 2736 1043 2792 vi-

209 2819 248 2874 30
257 2814 367 2871 deretur.
391 2815 558 2870 Accesserant
568 2820 664 2886 prater
675 2815 791 2871 Trionem
802 2820 829 2872 et
838 2816 931 2871 Catum
943 2832 1043 2871 aecusa-

256 2896 326 2949 tcros
334 2891 456 2949 Fonteius
463 2892 578 2963 Agrippa
584 2896 611 2949 et
619 2892 649 2948 G.
654 2892 755 2958 Vibius,
762 2893 944 2963 oecononum
952 2891 995 2947 erui
999 2890 1043 2963 jus

256 2970 389 3042 perorandi
400 2969 427 3027 in
438 2988 509 3027 reum
521 2968 624 3025 daretur
630 2992 639 3037 ;
657 2969 737 3027 donee
748 2970 848 3039 Vibius,
859 2969 920 3043 quia
929 2987 977 3027 nce
992 2968 1044 3043 ipsi
