<?xml version="1.0" encoding="UTF-8"?>
<!DOCTYPE html PUBLIC "-//W3C//DTD XHTML 1.0 Transitional//EN"
    "http://www.w3.org/TR/xhtml1/DTD/xhtml1-transitional.dtd">
<html xmlns="http://www.w3.org/1999/xhtml" xml:lang="en" lang="en">
 <head>
  <title>
</title>
<meta http-equiv="Content-Type" content="text/html;charset=utf-8" />
  <meta name='ocr-system' content='tesseract 3.04.00' />
  <meta name='ocr-capabilities' content='ocr_page ocr_carea ocr_par ocr_line ocrx_word'/>
</head>
<body>
  <div class='ocr_page' id='page_1' title='image "./operaomniaadfid01tacigoog_0242.png"; bbox 0 0 2550 3500; ppageno 0'>
   <div class='ocr_carea' id='block_1_1' title="bbox 279 324 1072 437">
    <p class='ocr_par' dir='ltr' id='par_1_1' title="bbox 279 324 1072 437">
     <span class='ocr_line' id='line_1_1' title="bbox 279 324 728 373; baseline 0.007 -3"><span class='ocrx_word' id='word_1_1' title='bbox 279 325 325 371; x_wconf 81' lang='lat'><strong>236</strong></span> <span class='ocrx_word' id='word_1_2' title='bbox 609 324 728 373; x_wconf 78' lang='lat' dir='ltr'><strong>raeiri</strong></span> 
     </span>
     <span class='ocr_line' id='line_1_2' title="bbox 857 388 1072 437; baseline 0 -10"><span class='ocrx_word' id='word_1_3' title='bbox 857 388 893 437; x_wconf 77' lang='lat' dir='ltr'><strong>[s</strong></span> <span class='ocrx_word' id='word_1_4' title='bbox 900 388 957 427; x_wconf 81' lang='lat' dir='ltr'><strong>mc.</strong></span> <span class='ocrx_word' id='word_1_5' title='bbox 967 388 1013 435; x_wconf 85' lang='lat' dir='ltr'><strong>sor,</strong></span> <span class='ocrx_word' id='word_1_6' title='bbox 1022 388 1072 428; x_wconf 78' lang='lat' dir='ltr'><strong>soa</strong></span> 
     </span>
    </p>
   </div>
   <div class='ocr_carea' id='block_1_2' title="bbox 254 434 1073 2896">
    <p class='ocr_par' dir='ltr' id='par_1_2' title="bbox 254 434 1073 2896">
     <span class='ocr_line' id='line_1_3' title="bbox 278 434 1071 507; baseline 0.006 -20"><span class='ocrx_word' id='word_1_7' title='bbox 278 434 338 504; x_wconf 85' lang='lat' dir='ltr'><strong>pina</strong></span> <span class='ocrx_word' id='word_1_8' title='bbox 349 434 457 499; x_wconf 90' lang='lat' dir='ltr'><strong>laudare,</strong></span> <span class='ocrx_word' id='word_1_9' title='bbox 470 434 537 505; x_wconf 93' lang='lat' dir='ltr'><strong>quod</strong></span> <span class='ocrx_word' id='word_1_10' title='bbox 550 435 691 490; x_wconf 86' lang='lat' dir='ltr'><strong>Germanici</strong></span> <span class='ocrx_word' id='word_1_11' title='bbox 706 439 823 507; x_wconf 82' lang='lat' dir='ltr'>nepotem</span> <span class='ocrx_word' id='word_1_12' title='bbox 840 455 927 491; x_wconf 89' lang='lat' dir='ltr'><strong>secum</strong></span> <span class='ocrx_word' id='word_1_13' title='bbox 941 438 1071 503; x_wconf 83' lang='lat' dir='ltr'><strong>traheret,</strong></span> 
     </span>
     <span class='ocr_line' id='line_1_4' title="bbox 279 510 1071 585; baseline 0.005 -21"><span class='ocrx_word' id='word_1_14' title='bbox 279 510 383 581; x_wconf 85' lang='lat' dir='ltr'><strong>dignum</strong></span> <span class='ocrx_word' id='word_1_15' title='bbox 395 530 497 581; x_wconf 87' lang='lat' dir='ltr'><strong>prorsus</strong></span> <span class='ocrx_word' id='word_1_16' title='bbox 513 512 674 581; x_wconf 87' lang='lat' dir='ltr'><strong>imperatoria</strong></span> <span class='ocrx_word' id='word_1_17' title='bbox 687 513 805 567; x_wconf 83' lang='lat' dir='ltr'><strong>fortuna:</strong></span> <span class='ocrx_word' id='word_1_18' title='bbox 824 514 930 585; x_wconf 78' lang='lat' dir='ltr'>stirpem</span> <span class='ocrx_word' id='word_1_19' title='bbox 944 513 1071 579; x_wconf 90' lang='lat' dir='ltr'><strong>nobilem,</strong></span> 
     </span>
     <span class='ocr_line' id='line_1_5' title="bbox 280 588 1073 663; baseline 0.005 -22"><span class='ocrx_word' id='word_1_20' title='bbox 280 593 305 641; x_wconf 89' lang='lat' dir='ltr'><strong>et</strong></span> <span class='ocrx_word' id='word_1_21' title='bbox 318 588 416 643; x_wconf 86' lang='lat' dir='ltr'><strong>familiae</strong></span> <span class='ocrx_word' id='word_1_22' title='bbox 429 588 607 659; x_wconf 78' lang='lat' dir='ltr'><strong>Claudiaeque</strong></span> <span class='ocrx_word' id='word_1_23' title='bbox 620 595 735 661; x_wconf 91' lang='lat' dir='ltr'><strong>posteros</strong></span> <span class='ocrx_word' id='word_1_24' title='bbox 746 590 765 660; x_wconf 91' lang='lat'>†</span> <span class='ocrx_word' id='word_1_25' title='bbox 776 591 941 663; x_wconf 87' lang='lat' dir='ltr'><strong>conjungeret</strong></span> <span class='ocrx_word' id='word_1_26' title='bbox 960 592 1073 661; x_wconf 74' lang='lat' dir='ltr'><strong>(mutin-</strong></span> 
     </span>
     <span class='ocr_line' id='line_1_6' title="bbox 277 665 1070 739; baseline 0.005 -21"><span class='ocrx_word' id='word_1_27' title='bbox 277 665 373 735; x_wconf 66' lang='lat' dir='ltr'><strong>yercl);</strong></span> <span class='ocrx_word' id='word_1_28' title='bbox 392 683 423 719; x_wconf 89' lang='lat' dir='ltr'><strong>ne</strong></span> <span class='ocrx_word' id='word_1_29' title='bbox 435 665 528 719; x_wconf 87' lang='lat' dir='ltr'><strong>femina</strong></span> <span class='ocrx_word' id='word_1_30' title='bbox 539 671 649 737; x_wconf 72' lang='lat' dir='ltr'><strong>experte</strong></span> <span class='ocrx_word' id='word_1_31' title='bbox 657 667 827 732; x_wconf 85' lang='lat' dir='ltr'><strong>ieermditatis,</strong></span> <span class='ocrx_word' id='word_1_32' title='bbox 836 669 939 739; x_wconf 85' lang='lat' dir='ltr'><strong>integra</strong></span> <span class='ocrx_word' id='word_1_33' title='bbox 949 668 1070 738; x_wconf 65' lang='lat' dir='ltr'><strong>juventa</strong></span> 
     </span>
     <span class='ocr_line' id='line_1_7' title="bbox 254 740 1073 799; baseline 0.006 -6"><span class='ocrx_word' id='word_1_34' title='bbox 254 740 453 797; x_wconf 85' lang='lat' dir='ltr'><strong>3claritudinem</strong></span> <span class='ocrx_word' id='word_1_35' title='bbox 466 742 592 797; x_wconf 80' lang='lat' dir='ltr'><strong>Caesarum</strong></span> <span class='ocrx_word' id='word_1_36' title='bbox 604 743 678 799; x_wconf 87' lang='lat' dir='ltr'><strong>aliam</strong></span> <span class='ocrx_word' id='word_1_37' title='bbox 688 745 716 799; x_wconf 93' lang='lat' dir='ltr'><strong>in</strong></span> <span class='ocrx_word' id='word_1_38' title='bbox 727 744 828 799; x_wconf 92' lang='lat' dir='ltr'><strong>domum</strong></span> <span class='ocrx_word' id='word_1_39' title='bbox 842 744 928 799; x_wconf 82' lang='lat' dir='ltr'><strong>ferret.</strong></span> <span class='ocrx_word' id='word_1_40' title='bbox 963 744 1073 798; x_wconf 82' lang='lat' dir='ltr'><strong>Praeva-</strong></span> 
     </span>
     <span class='ocr_line' id='line_1_8' title="bbox 280 818 1073 892; baseline 0.005 -21"><span class='ocrx_word' id='word_1_41' title='bbox 280 818 349 873; x_wconf 88' lang='lat' dir='ltr'><strong>luere</strong></span> <span class='ocrx_word' id='word_1_42' title='bbox 360 818 421 883; x_wconf 78' lang='lat' dir='ltr'><strong>haer,</strong></span> <span class='ocrx_word' id='word_1_43' title='bbox 432 818 518 890; x_wconf 86' lang='lat' dir='ltr'><strong>adjuta</strong></span> <span class='ocrx_word' id='word_1_44' title='bbox 528 820 675 892; x_wconf 70' lang='lat' dir='ltr'><strong>Agrippinae</strong></span> <span class='ocrx_word' id='word_1_45' title='bbox 686 821 808 876; x_wconf 74' lang='lat' dir='ltr'><strong>illecebris</strong></span> <span class='ocrx_word' id='word_1_46' title='bbox 819 842 826 886; x_wconf 89' lang='grc'><strong>;</strong></span> <span class='ocrx_word' id='word_1_47' title='bbox 844 840 899 892; x_wconf 86' lang='lat' dir='ltr'><strong>quae</strong></span> <span class='ocrx_word' id='word_1_48' title='bbox 908 820 1009 875; x_wconf 90' lang='lat' dir='ltr'><strong>adeum</strong></span> <span class='ocrx_word' id='word_1_49' title='bbox 1021 840 1073 892; x_wconf 89' lang='lat' dir='ltr'><strong>per</strong></span> 
     </span>
     <span class='ocr_line' id='line_1_9' title="bbox 281 895 1072 969; baseline 0.003 -20"><span class='ocrx_word' id='word_1_50' title='bbox 281 895 389 965; x_wconf 87' lang='lat' dir='ltr'><strong>speciem</strong></span> <span class='ocrx_word' id='word_1_51' title='bbox 411 896 603 951; x_wconf 77' lang='lat' dir='ltr'><strong>necessitudinis</strong></span> <span class='ocrx_word' id='word_1_52' title='bbox 626 897 714 953; x_wconf 89' lang='lat' dir='ltr'><strong>crebro</strong></span> <span class='ocrx_word' id='word_1_53' title='bbox 738 898 885 952; x_wconf 90' lang='lat' dir='ltr'><strong>ventitando</strong></span> <span class='ocrx_word' id='word_1_54' title='bbox 902 898 997 969; x_wconf 81' lang='lat' dir='ltr'><strong>pellicit</strong></span> <span class='ocrx_word' id='word_1_55' title='bbox 1023 916 1072 968; x_wconf 90' lang='lat' dir='ltr'><strong>pa-</strong></span> 
     </span>
     <span class='ocr_line' id='line_1_10' title="bbox 280 973 1072 1045; baseline 0.006 -21"><span class='ocrx_word' id='word_1_56' title='bbox 280 974 374 1037; x_wconf 90' lang='lat' dir='ltr'><strong>truum,</strong></span> <span class='ocrx_word' id='word_1_57' title='bbox 398 976 428 1027; x_wconf 89' lang='lat' dir='ltr'><strong>ut</strong></span> <span class='ocrx_word' id='word_1_58' title='bbox 451 973 554 1043; x_wconf 77' lang='lat' dir='ltr'><strong>prelata</strong></span> <span class='ocrx_word' id='word_1_59' title='bbox 571 974 669 1039; x_wconf 89' lang='lat' dir='ltr'><strong>ceteris,</strong></span> <span class='ocrx_word' id='word_1_60' title='bbox 688 979 715 1029; x_wconf 91' lang='lat' dir='ltr'><strong>et</strong></span> <span class='ocrx_word' id='word_1_61' title='bbox 731 974 843 1028; x_wconf 90' lang='lat' dir='ltr'><strong>nondum</strong></span> <span class='ocrx_word' id='word_1_62' title='bbox 859 993 932 1039; x_wconf 81' lang='lat' dir='ltr'><strong>uxor,</strong></span> <span class='ocrx_word' id='word_1_63' title='bbox 950 975 1072 1045; x_wconf 87' lang='lat' dir='ltr'><strong>potentia</strong></span> 
     </span>
     <span class='ocr_line' id='line_1_11' title="bbox 257 1049 1072 1120; baseline 0.007 -21"><span class='ocrx_word' id='word_1_64' title='bbox 257 1049 369 1103; x_wconf 83' lang='lat' dir='ltr'><strong>2uxoria</strong></span> <span class='ocrx_word' id='word_1_65' title='bbox 389 1050 441 1120; x_wconf 83' lang='lat' dir='ltr'><strong>jem</strong></span> <span class='ocrx_word' id='word_1_66' title='bbox 464 1054 586 1106; x_wconf 89' lang='lat' dir='ltr'><strong>uteretur.</strong></span> <span class='ocrx_word' id='word_1_67' title='bbox 621 1051 689 1105; x_wconf 88' lang='lat' dir='ltr'><strong>Nam</strong></span> <span class='ocrx_word' id='word_1_68' title='bbox 706 1052 751 1107; x_wconf 92' lang='lat' dir='ltr'><strong>ubi</strong></span> <span class='ocrx_word' id='word_1_69' title='bbox 768 1052 808 1106; x_wconf 89' lang='lat' dir='ltr'><strong>sui</strong></span> <span class='ocrx_word' id='word_1_70' title='bbox 825 1051 979 1105; x_wconf 79' lang='lat' dir='ltr'><strong>matrimonii</strong></span> <span class='ocrx_word' id='word_1_71' title='bbox 995 1056 1072 1106; x_wconf 87' lang='lat' dir='ltr'><strong>certa</strong></span> 
     </span>
     <span class='ocr_line' id='line_1_12' title="bbox 280 1124 1070 1199; baseline 0.006 -21"><span class='ocrx_word' id='word_1_72' title='bbox 280 1124 338 1189; x_wconf 81' lang='lat' dir='ltr'><strong>luit,</strong></span> <span class='ocrx_word' id='word_1_73' title='bbox 351 1129 450 1181; x_wconf 88' lang='lat' dir='ltr'><strong>struere</strong></span> <span class='ocrx_word' id='word_1_74' title='bbox 461 1127 563 1198; x_wconf 87' lang='lat' dir='ltr'><strong>majora,</strong></span> <span class='ocrx_word' id='word_1_75' title='bbox 578 1129 731 1199; x_wconf 76' lang='lat' dir='ltr'><strong>nuptiasque</strong></span> <span class='ocrx_word' id='word_1_76' title='bbox 748 1128 862 1193; x_wconf 84' lang='lat' dir='ltr'><strong>Domitii,</strong></span> <span class='ocrx_word' id='word_1_77' title='bbox 875 1146 951 1199; x_wconf 90' lang='lat' dir='ltr'><strong>quem</strong></span> <span class='ocrx_word' id='word_1_78' title='bbox 965 1146 999 1182; x_wconf 86' lang='lat' dir='ltr'><strong>cx</strong></span> <span class='ocrx_word' id='word_1_79' title='bbox 1018 1128 1070 1183; x_wconf 81' lang='lat' dir='ltr'><strong>On.</strong></span> 
     </span>
     <span class='ocr_line' id='line_1_13' title="bbox 280 1200 1070 1275; baseline 0.005 -20"><span class='ocrx_word' id='word_1_80' title='bbox 280 1200 425 1259; x_wconf 82' lang='lat' dir='ltr'><strong>AEnobarbo</strong></span> <span class='ocrx_word' id='word_1_81' title='bbox 443 1209 572 1275; x_wconf 80' lang='lat' dir='ltr'><strong>genuerat,</strong></span> <span class='ocrx_word' id='word_1_82' title='bbox 590 1209 617 1259; x_wconf 90' lang='lat' dir='ltr'><strong>et</strong></span> <span class='ocrx_word' id='word_1_83' title='bbox 635 1205 748 1260; x_wconf 84' lang='lat' dir='ltr'><strong>Octaviae</strong></span> <span class='ocrx_word' id='word_1_84' title='bbox 766 1205 873 1260; x_wconf 75' lang='lat' dir='ltr'><strong>Caesaris</strong></span> <span class='ocrx_word' id='word_1_85' title='bbox 890 1205 948 1259; x_wconf 86' lang='lat' dir='ltr'><strong>filiae</strong></span> <span class='ocrx_word' id='word_1_86' title='bbox 964 1204 1053 1259; x_wconf 86' lang='lat' dir='ltr'><strong>moliri</strong></span> <span class='ocrx_word' id='word_1_87' title='bbox 1062 1224 1070 1269; x_wconf 89' lang='lat'>;</span> 
     </span>
     <span class='ocr_line' id='line_1_14' title="bbox 281 1280 1070 1353; baseline 0 -18"><span class='ocrx_word' id='word_1_88' title='bbox 281 1280 349 1350; x_wconf 90' lang='lat' dir='ltr'><strong>quod</strong></span> <span class='ocrx_word' id='word_1_89' title='bbox 360 1281 414 1335; x_wconf 90' lang='lat' dir='ltr'><strong>sine</strong></span> <span class='ocrx_word' id='word_1_90' title='bbox 426 1282 518 1337; x_wconf 89' lang='lat' dir='ltr'><strong>scelere</strong></span> <span class='ocrx_word' id='word_1_91' title='bbox 529 1282 668 1353; x_wconf 87' lang='lat' dir='ltr'><strong>perpetrari</strong></span> <span class='ocrx_word' id='word_1_92' title='bbox 679 1300 730 1337; x_wconf 91' lang='lat' dir='ltr'><strong>non</strong></span> <span class='ocrx_word' id='word_1_93' title='bbox 744 1285 852 1353; x_wconf 87' lang='lat' dir='ltr'><strong>poterat,</strong></span> <span class='ocrx_word' id='word_1_94' title='bbox 864 1282 924 1353; x_wconf 82' lang='lat' dir='ltr'><strong>quia.</strong></span> <span class='ocrx_word' id='word_1_95' title='bbox 933 1280 966 1335; x_wconf 77' lang='lat' dir='ltr'><strong>Ia</strong></span> <span class='ocrx_word' id='word_1_96' title='bbox 979 1281 1070 1335; x_wconf 82' lang='lat' dir='ltr'><strong>Sileno</strong></span> 
     </span>
     <span class='ocr_line' id='line_1_15' title="bbox 280 1356 1071 1429; baseline 0 -16"><span class='ocrx_word' id='word_1_97' title='bbox 280 1357 447 1429; x_wconf 84' lang='lat' dir='ltr'><strong>desponderet</strong></span> <span class='ocrx_word' id='word_1_98' title='bbox 460 1359 590 1415; x_wconf 87' lang='lat' dir='ltr'><strong>Octaviam</strong></span> <span class='ocrx_word' id='word_1_99' title='bbox 607 1358 699 1423; x_wconf 74' lang='lat' dir='ltr'><strong>Cesar,</strong></span> <span class='ocrx_word' id='word_1_100' title='bbox 713 1358 889 1429; x_wconf 84' lang='lat' dir='ltr'><strong>juvenemque,</strong></span> <span class='ocrx_word' id='word_1_101' title='bbox 905 1361 933 1412; x_wconf 90' lang='lat' dir='ltr'><strong>et</strong></span> <span class='ocrx_word' id='word_1_102' title='bbox 949 1356 1000 1412; x_wconf 88' lang='lat' dir='ltr'><strong>alia</strong></span> <span class='ocrx_word' id='word_1_103' title='bbox 1017 1358 1071 1413; x_wconf 85' lang='lat' dir='ltr'><strong>cla·</strong></span> 
     </span>
     <span class='ocr_line' id='line_1_16' title="bbox 281 1434 1070 1508; baseline -0.001 -19"><span class='ocrx_word' id='word_1_104' title='bbox 281 1454 344 1500; x_wconf 90' lang='lat' dir='ltr'><strong>rum,</strong></span> <span class='ocrx_word' id='word_1_105' title='bbox 357 1434 450 1508; x_wconf 85' lang='lat' dir='ltr'><strong>insigni</strong></span> <span class='ocrx_word' id='word_1_106' title='bbox 465 1435 653 1507; x_wconf 79' lang='lat' dir='ltr'><strong>triumphalium</strong></span> <span class='ocrx_word' id='word_1_107' title='bbox 670 1438 697 1490; x_wconf 92' lang='lat' dir='ltr'><strong>et</strong></span> <span class='ocrx_word' id='word_1_108' title='bbox 714 1434 856 1507; x_wconf 85' lang='lat' dir='ltr'><strong>gladiatorii</strong></span> <span class='ocrx_word' id='word_1_109' title='bbox 870 1434 982 1489; x_wconf 87' lang='lat' dir='ltr'><strong>muneris</strong></span> <span class='ocrx_word' id='word_1_110' title='bbox 997 1453 1070 1507; x_wconf 83' lang='lat' dir='ltr'><strong>meg·</strong></span> 
     </span>
     <span class='ocr_line' id='line_1_17' title="bbox 258 1510 1070 1585; baseline 0.002 -20"><span class='ocrx_word' id='word_1_111' title='bbox 258 1513 408 1569; x_wconf 81' lang='lat' dir='ltr'><strong>3nificentia</strong></span> <span class='ocrx_word' id='word_1_112' title='bbox 418 1514 557 1585; x_wconf 84' lang='lat' dir='ltr'><strong>protulerat</strong></span> <span class='ocrx_word' id='word_1_113' title='bbox 569 1512 601 1569; x_wconf 85' lang='lat' dir='ltr'><strong>ad</strong></span> <span class='ocrx_word' id='word_1_114' title='bbox 612 1512 698 1567; x_wconf 89' lang='lat' dir='ltr'><strong>studia</strong></span> <span class='ocrx_word' id='word_1_115' title='bbox 708 1512 785 1585; x_wconf 83' lang='lat' dir='ltr'><strong>vulgi</strong></span> <span class='ocrx_word' id='word_1_116' title='bbox 821 1510 872 1567; x_wconf 79' lang='lat' dir='ltr'><strong>Sed</strong></span> <span class='ocrx_word' id='word_1_117' title='bbox 881 1511 946 1566; x_wconf 90' lang='lat' dir='ltr'><strong>nihil</strong></span> <span class='ocrx_word' id='word_1_118' title='bbox 958 1510 1070 1567; x_wconf 85' lang='lat' dir='ltr'><strong>arduum</strong></span> 
     </span>
     <span class='ocr_line' id='line_1_18' title="bbox 282 1588 1070 1661; baseline -0.003 -16"><span class='ocrx_word' id='word_1_119' title='bbox 282 1590 413 1647; x_wconf 85' lang='lat' dir='ltr'><strong>ridebatur</strong></span> <span class='ocrx_word' id='word_1_120' title='bbox 435 1590 462 1645; x_wconf 91' lang='lat' dir='ltr'><strong>in</strong></span> <span class='ocrx_word' id='word_1_121' title='bbox 485 1591 568 1645; x_wconf 86' lang='lat' dir='ltr'><strong>animo</strong></span> <span class='ocrx_word' id='word_1_122' title='bbox 590 1590 718 1661; x_wconf 88' lang='lat' dir='ltr'><strong>principis,</strong></span> <span class='ocrx_word' id='word_1_123' title='bbox 742 1589 784 1645; x_wconf 91' lang='lat' dir='ltr'><strong>cui</strong></span> <span class='ocrx_word' id='word_1_124' title='bbox 800 1608 851 1644; x_wconf 91' lang='lat' dir='ltr'><strong>non</strong></span> <span class='ocrx_word' id='word_1_125' title='bbox 865 1588 996 1661; x_wconf 86' lang='lat' dir='ltr'><strong>judicium,</strong></span> <span class='ocrx_word' id='word_1_126' title='bbox 1015 1607 1070 1643; x_wconf 89' lang='lat' dir='ltr'><strong>non</strong></span> 
     </span>
     <span class='ocr_line' id='line_1_19' title="bbox 255 1665 1069 1739; baseline -0.001 -19"><span class='ocrx_word' id='word_1_127' title='bbox 255 1667 367 1722; x_wconf 89' lang='lat' dir='ltr'><strong>4cdium</strong></span> <span class='ocrx_word' id='word_1_128' title='bbox 384 1671 447 1735; x_wconf 84' lang='lat' dir='ltr'><strong>erat,</strong></span> <span class='ocrx_word' id='word_1_129' title='bbox 461 1667 510 1723; x_wconf 88' lang='lat' dir='ltr'><strong>nisi</strong></span> <span class='ocrx_word' id='word_1_130' title='bbox 524 1666 605 1723; x_wconf 88' lang='lat' dir='ltr'><strong>indite</strong></span> <span class='ocrx_word' id='word_1_131' title='bbox 621 1670 649 1721; x_wconf 91' lang='lat' dir='ltr'><strong>et</strong></span> <span class='ocrx_word' id='word_1_132' title='bbox 662 1668 741 1739; x_wconf 84' lang='lat' dir='ltr'><strong>jussa</strong></span> <span class='ocrx_word' id='word_1_133' title='bbox 776 1666 862 1738; x_wconf 85' lang='lat' dir='ltr'><strong>Igitur</strong></span> <span class='ocrx_word' id='word_1_134' title='bbox 879 1665 1006 1730; x_wconf 85' lang='lat' dir='ltr'><strong>Vitellius,</strong></span> <span class='ocrx_word' id='word_1_135' title='bbox 1024 1684 1069 1721; x_wconf 82' lang='lat' dir='ltr'><strong>no</strong></span> 
     </span>
     <span class='ocr_line' id='line_1_20' title="bbox 282 1742 1069 1816; baseline -0.003 -17"><span class='ocrx_word' id='word_1_136' title='bbox 282 1744 348 1800; x_wconf 90' lang='lat' dir='ltr'><strong>mine</strong></span> <span class='ocrx_word' id='word_1_137' title='bbox 368 1744 478 1800; x_wconf 89' lang='lat' dir='ltr'><strong>censoris</strong></span> <span class='ocrx_word' id='word_1_138' title='bbox 498 1744 600 1802; x_wconf 86' lang='lat' dir='ltr'><strong>serviles</strong></span> <span class='ocrx_word' id='word_1_139' title='bbox 617 1743 728 1800; x_wconf 77' lang='lat' dir='ltr'><strong>falacias</strong></span> <span class='ocrx_word' id='word_1_140' title='bbox 745 1743 867 1815; x_wconf 83' lang='lat' dir='ltr'><strong>obtegens</strong></span> <span class='ocrx_word' id='word_1_141' title='bbox 884 1742 1069 1816; x_wconf 87' lang='lat' dir='ltr'><strong>ingruentium·</strong></span> 
     </span>
     <span class='ocr_line' id='line_1_21' title="bbox 282 1820 1070 1894; baseline -0.001 -18"><span class='ocrx_word' id='word_1_142' title='bbox 282 1840 331 1893; x_wconf 88' lang='lat' dir='ltr'><strong>que</strong></span> <span class='ocrx_word' id='word_1_143' title='bbox 343 1821 540 1876; x_wconf 72' lang='lat' dir='ltr'><strong>dominationum</strong></span> <span class='ocrx_word' id='word_1_144' title='bbox 552 1822 672 1892; x_wconf 87' lang='lat' dir='ltr'><strong>provisor,</strong></span> <span class='ocrx_word' id='word_1_145' title='bbox 683 1839 733 1894; x_wconf 93' lang='lat' dir='ltr'><strong>quo</strong></span> <span class='ocrx_word' id='word_1_146' title='bbox 744 1822 851 1893; x_wconf 82' lang='lat' dir='ltr'><strong>gretiam</strong></span> <span class='ocrx_word' id='word_1_147' title='bbox 867 1820 1014 1892; x_wconf 81' lang='lat' dir='ltr'><strong>Agrippinae</strong></span> <span class='ocrx_word' id='word_1_148' title='bbox 1025 1839 1070 1892; x_wconf 85' lang='lat' dir='ltr'><strong>pa·</strong></span> 
     </span>
     <span class='ocr_line' id='line_1_22' title="bbox 282 1897 1067 1971; baseline -0.003 -17"><span class='ocrx_word' id='word_1_149' title='bbox 282 1903 357 1965; x_wconf 87' lang='lat' dir='ltr'><strong>reret,</strong></span> <span class='ocrx_word' id='word_1_150' title='bbox 370 1899 479 1954; x_wconf 88' lang='lat' dir='ltr'><strong>consiliis</strong></span> <span class='ocrx_word' id='word_1_151' title='bbox 491 1899 546 1971; x_wconf 86' lang='lat' dir='ltr'><strong>ejus</strong></span> <span class='ocrx_word' id='word_1_152' title='bbox 558 1899 688 1970; x_wconf 85' lang='lat' dir='ltr'><strong>implicari,</strong></span> <span class='ocrx_word' id='word_1_153' title='bbox 701 1899 767 1954; x_wconf 83' lang='lat' dir='ltr'><strong>ferre</strong></span> <span class='ocrx_word' id='word_1_154' title='bbox 779 1898 884 1954; x_wconf 89' lang='lat' dir='ltr'><strong>crimina</strong></span> <span class='ocrx_word' id='word_1_155' title='bbox 899 1899 927 1953; x_wconf 91' lang='lat' dir='ltr'><strong>in</strong></span> <span class='ocrx_word' id='word_1_156' title='bbox 945 1897 1067 1964; x_wconf 83' lang='lat' dir='ltr'><strong>Silanum,</strong></span> 
     </span>
     <span class='ocr_line' id='line_1_23' title="bbox 283 1974 1069 2048; baseline -0.003 -16"><span class='ocrx_word' id='word_1_157' title='bbox 283 1977 324 2032; x_wconf 93' lang='lat' dir='ltr'><strong>eui</strong></span> <span class='ocrx_word' id='word_1_158' title='bbox 344 1995 404 2031; x_wconf 85' lang='lat' dir='ltr'><strong>senc</strong></span> <span class='ocrx_word' id='word_1_159' title='bbox 424 1976 514 2032; x_wconf 90' lang='lat' dir='ltr'><strong>decora</strong></span> <span class='ocrx_word' id='word_1_160' title='bbox 532 1980 559 2031; x_wconf 90' lang='lat' dir='ltr'><strong>et</strong></span> <span class='ocrx_word' id='word_1_161' title='bbox 574 1994 668 2048; x_wconf 85' lang='lat' dir='ltr'><strong>procax</strong></span> <span class='ocrx_word' id='word_1_162' title='bbox 683 1993 761 2041; x_wconf 88' lang='lat' dir='ltr'><strong>soror,</strong></span> <span class='ocrx_word' id='word_1_163' title='bbox 776 1975 855 2030; x_wconf 83' lang='lat' dir='ltr'><strong>Junia</strong></span> <span class='ocrx_word' id='word_1_164' title='bbox 869 1974 981 2044; x_wconf 81' lang='lat' dir='ltr'><strong>Calvina,</strong></span> <span class='ocrx_word' id='word_1_165' title='bbox 999 1975 1069 2031; x_wconf 86' lang='lat' dir='ltr'><strong>haud</strong></span> 
     </span>
     <span class='ocr_line' id='line_1_24' title="bbox 259 2051 1069 2112; baseline -0.005 0"><span class='ocrx_word' id='word_1_166' title='bbox 259 2054 390 2112; x_wconf 82' lang='lat' dir='ltr'><strong>2multum</strong></span> <span class='ocrx_word' id='word_1_167' title='bbox 402 2057 460 2108; x_wconf 85' lang='lat' dir='ltr'><strong>aute</strong></span> <span class='ocrx_word' id='word_1_168' title='bbox 472 2053 570 2108; x_wconf 90' lang='lat' dir='ltr'><strong>Vitellii</strong></span> <span class='ocrx_word' id='word_1_169' title='bbox 581 2072 661 2109; x_wconf 88' lang='lat' dir='ltr'><strong>nurus</strong></span> <span class='ocrx_word' id='word_1_170' title='bbox 669 2053 760 2108; x_wconf 84' lang='lat' dir='ltr'><strong>fueret.</strong></span> <span class='ocrx_word' id='word_1_171' title='bbox 795 2052 866 2108; x_wconf 90' lang='lat' dir='ltr'><strong>Hine</strong></span> <span class='ocrx_word' id='word_1_172' title='bbox 877 2051 978 2108; x_wconf 90' lang='lat' dir='ltr'><strong>initium</strong></span> <span class='ocrx_word' id='word_1_173' title='bbox 994 2070 1069 2108; x_wconf 89' lang='lat' dir='ltr'><strong>accu-</strong></span> 
     </span>
     <span class='ocr_line' id='line_1_25' title="bbox 283 2128 1068 2204; baseline -0.005 -16"><span class='ocrx_word' id='word_1_174' title='bbox 283 2132 402 2199; x_wconf 89' lang='lat' dir='ltr'><strong>sationis;</strong></span> <span class='ocrx_word' id='word_1_175' title='bbox 420 2131 577 2204; x_wconf 87' lang='lat' dir='ltr'><strong>fratrumque</strong></span> <span class='ocrx_word' id='word_1_176' title='bbox 593 2149 646 2185; x_wconf 91' lang='lat' dir='ltr'><strong>non</strong></span> <span class='ocrx_word' id='word_1_177' title='bbox 667 2130 794 2186; x_wconf 88' lang='lat' dir='ltr'><strong>incestum</strong></span> <span class='ocrx_word' id='word_1_178' title='bbox 817 2129 862 2184; x_wconf 87' lang='lat' dir='ltr'><strong>sed</strong></span> <span class='ocrx_word' id='word_1_179' title='bbox 884 2128 1068 2185; x_wconf 86' lang='lat' dir='ltr'><strong>incustoditum</strong></span> 
     </span>
     <span class='ocr_line' id='line_1_26' title="bbox 259 2206 1066 2278; baseline -0.006 -13"><span class='ocrx_word' id='word_1_180' title='bbox 259 2225 392 2270; x_wconf 76' lang='lat' dir='ltr'><strong>sanorem</strong></span> <span class='ocrx_word' id='word_1_181' title='bbox 404 2207 436 2264; x_wconf 90' lang='lat' dir='ltr'><strong>ad</strong></span> <span class='ocrx_word' id='word_1_182' title='bbox 447 2208 575 2264; x_wconf 75' lang='lat' dir='ltr'><strong>infamiam</strong></span> <span class='ocrx_word' id='word_1_183' title='bbox 586 2207 653 2262; x_wconf 85' lang='lat' dir='ltr'><strong>traxi</strong></span> <span class='ocrx_word' id='word_1_184' title='bbox 667 2250 673 2262; x_wconf 90' lang='lat'><strong>.</strong></span> <span class='ocrx_word' id='word_1_185' title='bbox 707 2207 744 2262; x_wconf 82' lang='lat' dir='ltr'><strong>Et</strong></span> <span class='ocrx_word' id='word_1_186' title='bbox 755 2206 882 2278; x_wconf 76' lang='lat' dir='ltr'><strong>prebebat</strong></span> <span class='ocrx_word' id='word_1_187' title='bbox 891 2206 976 2262; x_wconf 80' lang='lat' dir='ltr'><strong>Caesar</strong></span> <span class='ocrx_word' id='word_1_188' title='bbox 984 2225 1066 2273; x_wconf 89' lang='lat' dir='ltr'><strong>aures,</strong></span> 
     </span>
     <span class='ocr_line' id='line_1_27' title="bbox 284 2283 1067 2360; baseline -0.005 -18"><span class='ocrx_word' id='word_1_189' title='bbox 284 2287 432 2360; x_wconf 86' lang='lat' dir='ltr'><strong>accipiendis</strong></span> <span class='ocrx_word' id='word_1_190' title='bbox 460 2288 580 2342; x_wconf 87' lang='lat' dir='ltr'><strong>adversus</strong></span> <span class='ocrx_word' id='word_1_191' title='bbox 604 2303 726 2356; x_wconf 83' lang='lat' dir='ltr'><strong>generum</strong></span> <span class='ocrx_word' id='word_1_192' title='bbox 752 2283 937 2356; x_wconf 86' lang='lat' dir='ltr'><strong>suspicionibus</strong></span> <span class='ocrx_word' id='word_1_193' title='bbox 960 2283 1067 2339; x_wconf 77' lang='lat' dir='ltr'><strong>cantate</strong></span> 
     </span>
     <span class='ocr_line' id='line_1_28' title="bbox 260 2360 1067 2438; baseline -0.001 -21"><span class='ocrx_word' id='word_1_194' title='bbox 260 2365 340 2420; x_wconf 72' lang='lat' dir='ltr'><strong>enlm</strong></span> <span class='ocrx_word' id='word_1_195' title='bbox 351 2364 496 2438; x_wconf 88' lang='lat' dir='ltr'><strong>promptior.</strong></span> <span class='ocrx_word' id='word_1_196' title='bbox 532 2364 568 2418; x_wconf 88' lang='lat' dir='ltr'><strong>At</strong></span> <span class='ocrx_word' id='word_1_197' title='bbox 581 2363 680 2418; x_wconf 83' lang='lat' dir='ltr'><strong>Silanus</strong></span> <span class='ocrx_word' id='word_1_198' title='bbox 691 2361 837 2416; x_wconf 89' lang='lat' dir='ltr'><strong>insidiarum</strong></span> <span class='ocrx_word' id='word_1_199' title='bbox 844 2361 990 2424; x_wconf 71' lang='lat' dir='ltr'><strong>rescissae</strong></span> <span class='ocrx_word' id='word_1_200' title='bbox 1000 2360 1067 2416; x_wconf 86' lang='lat' dir='ltr'><strong>forte</strong></span> 
     </span>
     <span class='ocr_line' id='line_1_29' title="bbox 284 2437 1067 2512; baseline -0.005 -14"><span class='ocrx_word' id='word_1_201' title='bbox 284 2460 314 2498; x_wconf 88' lang='lat' dir='ltr'><strong>eo</strong></span> <span class='ocrx_word' id='word_1_202' title='bbox 337 2460 402 2496; x_wconf 87' lang='lat' dir='ltr'><strong>anno</strong></span> <span class='ocrx_word' id='word_1_203' title='bbox 425 2445 525 2512; x_wconf 75' lang='lat' dir='ltr'><strong>prator,</strong></span> <span class='ocrx_word' id='word_1_204' title='bbox 550 2444 655 2510; x_wconf 89' lang='lat' dir='ltr'><strong>repente</strong></span> <span class='ocrx_word' id='word_1_205' title='bbox 674 2459 720 2511; x_wconf 88' lang='lat' dir='ltr'><strong>per</strong></span> <span class='ocrx_word' id='word_1_206' title='bbox 737 2439 848 2494; x_wconf 90' lang='lat' dir='ltr'><strong>edictum</strong></span> <span class='ocrx_word' id='word_1_207' title='bbox 864 2438 963 2493; x_wconf 84' lang='lat' dir='ltr'><strong>Vitellii</strong></span> <span class='ocrx_word' id='word_1_208' title='bbox 979 2437 1067 2494; x_wconf 89' lang='lat' dir='ltr'><strong>ordine</strong></span> 
     </span>
     <span class='ocr_line' id='line_1_30' title="bbox 284 2515 1066 2590; baseline -0.004 -16"><span class='ocrx_word' id='word_1_209' title='bbox 284 2519 408 2574; x_wconf 84' lang='lat' dir='ltr'><strong>senatorio</strong></span> <span class='ocrx_word' id='word_1_210' title='bbox 416 2524 538 2584; x_wconf 82' lang='lat' dir='ltr'><strong>moretur,</strong></span> <span class='ocrx_word' id='word_1_211' title='bbox 549 2536 693 2590; x_wconf 89' lang='lat' dir='ltr'><strong>quanquam</strong></span> <span class='ocrx_word' id='word_1_212' title='bbox 701 2517 766 2572; x_wconf 91' lang='lat' dir='ltr'><strong>lecto</strong></span> <span class='ocrx_word' id='word_1_213' title='bbox 775 2516 871 2588; x_wconf 89' lang='lat' dir='ltr'><strong>pridem</strong></span> <span class='ocrx_word' id='word_1_214' title='bbox 878 2520 968 2572; x_wconf 90' lang='lat' dir='ltr'><strong>senatu</strong></span> <span class='ocrx_word' id='word_1_215' title='bbox 976 2515 1066 2571; x_wconf 80' lang='lat' dir='ltr'><strong>lustro</strong></span> 
     </span>
     <span class='ocr_line' id='line_1_31' title="bbox 260 2592 1067 2667; baseline -0.001 -19"><span class='ocrx_word' id='word_1_216' title='bbox 260 2603 332 2667; x_wconf 76' lang='lat' dir='ltr'><strong>eque</strong></span> <span class='ocrx_word' id='word_1_217' title='bbox 344 2597 452 2652; x_wconf 88' lang='lat' dir='ltr'><strong>condito.</strong></span> <span class='ocrx_word' id='word_1_218' title='bbox 489 2596 569 2650; x_wconf 85' lang='lat' dir='ltr'><strong>Simul</strong></span> <span class='ocrx_word' id='word_1_219' title='bbox 580 2596 726 2652; x_wconf 85' lang='lat' dir='ltr'><strong>affinitatem</strong></span> <span class='ocrx_word' id='word_1_220' title='bbox 741 2594 861 2651; x_wconf 82' lang='lat' dir='ltr'><strong>Claudius</strong></span> <span class='ocrx_word' id='word_1_221' title='bbox 873 2593 981 2658; x_wconf 87' lang='lat' dir='ltr'><strong>diremit,</strong></span> <span class='ocrx_word' id='word_1_222' title='bbox 995 2592 1067 2648; x_wconf 88' lang='lat' dir='ltr'><strong>adac-</strong></span> 
     </span>
     <span class='ocr_line' id='line_1_32' title="bbox 283 2671 1066 2745; baseline -0.003 -17"><span class='ocrx_word' id='word_1_223' title='bbox 283 2678 375 2745; x_wconf 89' lang='lat' dir='ltr'><strong>tusque</strong></span> <span class='ocrx_word' id='word_1_224' title='bbox 388 2673 486 2728; x_wconf 84' lang='lat' dir='ltr'><strong>Silanus</strong></span> <span class='ocrx_word' id='word_1_225' title='bbox 495 2673 593 2743; x_wconf 89' lang='lat' dir='ltr'><strong>ejurare</strong></span> <span class='ocrx_word' id='word_1_226' title='bbox 602 2672 785 2743; x_wconf 86' lang='lat' dir='ltr'><strong>magistratum,</strong></span> <span class='ocrx_word' id='word_1_227' title='bbox 795 2675 822 2726; x_wconf 88' lang='lat' dir='ltr'><strong>et</strong></span> <span class='ocrx_word' id='word_1_228' title='bbox 830 2671 943 2742; x_wconf 89' lang='lat' dir='ltr'><strong>reliquus</strong></span> <span class='ocrx_word' id='word_1_229' title='bbox 951 2674 1066 2742; x_wconf 79' lang='lat' dir='ltr'><strong>praeturae</strong></span> 
     </span>
     <span class='ocr_line' id='line_1_33' title="bbox 284 2748 830 2820; baseline -0.004 -16"><span class='ocrx_word' id='word_1_230' title='bbox 284 2749 337 2804; x_wconf 92' lang='lat' dir='ltr'><strong>dies</strong></span> <span class='ocrx_word' id='word_1_231' title='bbox 349 2751 376 2804; x_wconf 89' lang='lat' dir='ltr'><strong>in</strong></span> <span class='ocrx_word' id='word_1_232' title='bbox 386 2750 492 2820; x_wconf 81' lang='lat' dir='ltr'><strong>Eprium</strong></span> <span class='ocrx_word' id='word_1_233' title='bbox 503 2749 652 2802; x_wconf 78' lang='lat' dir='ltr'><strong>Mercedem</strong></span> <span class='ocrx_word' id='word_1_234' title='bbox 664 2748 769 2803; x_wconf 86' lang='lat' dir='ltr'><strong>collatus</strong></span> <span class='ocrx_word' id='word_1_235' title='bbox 782 2751 830 2802; x_wconf 91' lang='lat' dir='ltr'><strong>est.</strong></span> 
     </span>
     <span class='ocr_line' id='line_1_34' title="bbox 256 2822 1066 2896; baseline -0.006 -15"><span class='ocrx_word' id='word_1_236' title='bbox 256 2836 273 2886; x_wconf 85' lang='lat'>5</span> <span class='ocrx_word' id='word_1_237' title='bbox 319 2827 347 2881; x_wconf 88' lang='lat' dir='ltr'><strong>C.</strong></span> <span class='ocrx_word' id='word_1_238' title='bbox 363 2825 490 2896; x_wconf 86' lang='lat' dir='ltr'><strong>Pompeio,</strong></span> <span class='ocrx_word' id='word_1_239' title='bbox 515 2825 548 2882; x_wconf 75' lang='lat' dir='ltr'><strong>Q.</strong></span> <span class='ocrx_word' id='word_1_240' title='bbox 565 2824 676 2878; x_wconf 84' lang='lat' dir='ltr'><strong>Veranio</strong></span> <span class='ocrx_word' id='word_1_241' title='bbox 700 2824 852 2891; x_wconf 88' lang='lat' dir='ltr'><strong>consulibus,</strong></span> <span class='ocrx_word' id='word_1_242' title='bbox 875 2825 978 2894; x_wconf 89' lang='lat' dir='ltr'><strong>pactum</strong></span> <span class='ocrx_word' id='word_1_243' title='bbox 1001 2822 1066 2876; x_wconf 83' lang='lat' dir='ltr'><strong>inter</strong></span> 
     </span>
    </p>
   </div>
   <div class='ocr_carea' id='block_1_3' title="bbox 205 2899 1064 2996">
    <p class='ocr_par' dir='ltr' id='par_1_3' title="bbox 205 2899 1064 2996">
     <span class='ocr_line' id='line_1_35' title="bbox 205 2899 1064 2996; baseline -0.002 -38"><span class='ocrx_word' id='word_1_244' title='bbox 205 2903 416 2996; x_wconf 53' lang='lat' dir='ltr'><strong>AlgociClaudium</strong></span> <span class='ocrx_word' id='word_1_245' title='bbox 432 2907 458 2956; x_wconf 90' lang='lat' dir='ltr'><strong>et</strong></span> <span class='ocrx_word' id='word_1_246' title='bbox 472 2901 636 2971; x_wconf 85' lang='lat' dir='ltr'><strong>Agrippinam</strong></span> <span class='ocrx_word' id='word_1_247' title='bbox 653 2902 840 2969; x_wconf 87' lang='lat' dir='ltr'><strong>matrimonium</strong></span> <span class='ocrx_word' id='word_1_248' title='bbox 855 2901 908 2972; x_wconf 85' lang='lat' dir='ltr'><strong>jam</strong></span> <span class='ocrx_word' id='word_1_249' title='bbox 925 2899 999 2966; x_wconf 84' lang='lat' dir='ltr'><strong>sama,</strong></span> <span class='ocrx_word' id='word_1_250' title='bbox 1013 2900 1064 2971; x_wconf 76' lang='lat' dir='ltr'><strong>jam</strong></span> 
     </span>
    </p>
   </div>
   <div class='ocr_carea' id='block_1_4' title="bbox 0 0 1280 3500">
    <p class='ocr_par' dir='ltr' id='par_1_4' title="bbox 0 0 1280 3500">
     <span class='ocr_line' id='line_1_36' title="bbox 0 0 1280 3500; baseline 0 2"><span class='ocrx_word' id='word_1_251' title='bbox 0 0 1280 3500; x_wconf 95' lang='lat' dir='ltr'><strong> </strong></span> 
     </span>
    </p>
   </div>
  </div>
 </body>
</html>
