2550 3500
193 429 217 466 A.
228 428 253 467 1).
264 427 306 477 m
413 365 609 415 ANNALIUM
627 365 649 414 Ι.
666 366 770 415 63-65.
959 369 992 416 89

191 477 277 543 humo,
291 480 318 532 et
331 477 423 533 obruto
435 477 503 549 quod
519 479 637 534 effectum
653 478 745 550 operis,
758 476 901 549 duplicatus
917 477 992 533 militi

190 553 269 610 labor.
309 554 534 628 Quadragesimum
552 555 579 611 id
596 555 752 628 stipendium
771 555 871 611 Casina
887 555 1016 626 parendio

190 636 235 688 ant
260 632 423 703 imperitandi
442 633 559 699 habebat,
581 633 749 688 secundarum
769 632 993 704 ambiguarumque

189 729 278 765 rerum
297 710 387 776 sciens,
407 728 487 782 eoque
504 711 646 767 interritus.
683 710 770 783 Igitur
786 709 874 765 futura
890 709 1018 769 volvens?

189 807 244 843 non
266 786 335 842 aliud
355 789 474 859 repperit,
497 807 573 860 quam
593 794 624 844 ut
644 789 746 843 hostem
766 787 836 842 silvis
857 791 994 852 coerceret,

191 866 275 920 donec
291 864 377 932 saucii,
395 869 567 937 quantumque
584 865 709 938 gravioris
727 864 843 936 agminis,
860 864 995 919 anteirent.

190 943 264 999 Nam
281 942 364 997 medio
385 943 510 998 montium
529 947 556 998 et
576 943 697 1015 paludum
718 942 897 1013 porrigebatur
917 941 996 1012 plani-

190 1021 244 1076 ties
251 1043 260 1088 ;
291 1039 348 1091 qnae
371 1024 474 1075 tenuem
498 1021 577 1076 aciem
601 1025 740 1092 pateretur.
777 1012 934 1090 Deliguntur
959 1018 1019 1073 le·8

191 1099 293 1170 giones,
315 1097 405 1168 quinta
427 1097 517 1153 dextro
537 1097 619 1163 lateri,
641 1097 823 1153 unetvicesima
845 1097 873 1151 in
896 1096 994 1161 laevum,

191 1175 306 1248 primani
329 1174 473 1231 ducendum
497 1175 530 1230 ad
552 1194 653 1249 agmen,
672 1175 839 1230 vicesimanus
863 1173 998 1228 adversum

193 1256 340 1309 secuturos.

231 1330 295 1386 Nox
312 1313 358 1402 per
372 1329 472 1386 diverso
487 1330 600 1402 inquies:
620 1349 679 1386 cum
695 1328 796 1384 barbari
813 1328 888 1384 festis
905 1327 996 1399 epulis,
1006 1323 1044 1378 65

192 1407 257 1464 laeto
276 1412 354 1462 cantu
370 1412 415 1462 aut
431 1408 499 1463 truci
515 1427 606 1463 sonore
624 1407 739 1478 subjecta
753 1406 855 1460 vallium
874 1423 904 1460 ac
921 1405 1000 1460 resul-

194 1489 285 1541 tantes
297 1485 377 1541 saltus
390 1485 561 1558 complerant3
582 1485 650 1558 apud
662 1486 791 1540 Romanos
803 1483 906 1549 inrelidi
918 1483 999 1553 ignes,

195 1563 349 1634 interrupta
370 1581 452 1628 voces,
476 1567 552 1634 atque
575 1563 625 1635 ipsi
646 1561 740 1634 passini
761 1561 905 1633 adjacerent
926 1560 1000 1628 vallo,

196 1641 348 1696 oberrarent
366 1641 491 1706 tentoriis,
510 1641 638 1696 insomnes
659 1639 741 1711 magis
760 1658 835 1710 qnam
857 1638 1000 1710 pervigiles.

196 1720 351 1791 Ducemque
362 1719 455 1775 terruit
473 1718 528 1775 dira
539 1719 626 1791 quies:
650 1737 708 1773 nam
721 1716 877 1777 Quintilium
893 1715 1000 1783 Varum,
1011 1723 1026 1770 2

198 1797 325 1869 sanguim
349 1796 455 1852 oblitum
480 1802 507 1852 et
530 1796 666 1869 paludibus
691 1814 824 1860 emersum,
849 1811 952 1849 cernere
975 1798 1002 1848 et

200 1874 290 1931 audire
302 1874 372 1929 visus
388 1879 428 1929 est
440 1874 512 1929 velut
524 1878 674 1940 vocantem3
691 1892 744 1927 non
759 1877 845 1927 tamen
856 1870 1001 1938 obsecutus,

200 1957 230 2008 et
241 1971 345 2007 manum
356 1951 512 2007 intendentis
524 1952 673 2023 reppulisse.
710 1951 801 2022 Coepta
812 1950 870 2005 luce
882 1948 965 2003 missa
976 1948 1028 2002 int

200 2031 284 2085 latera
300 2029 420 2101 legiones,
438 2034 509 2084 metu
527 2048 560 2083 an
577 2028 743 2093 contumacia,
760 2028 844 2083 locum
861 2026 1003 2086 deseruere,

201 2112 280 2179 capto
304 2122 410 2177 propere
431 2124 519 2177 campo
543 2107 675 2161 humentia
696 2106 771 2161 ultra
806 2105 899 2175 Neque
919 2106 1030 2157 tament
1144 2113 1145 2118 ’

201 2184 343 2249 Arminius,
363 2202 513 2255 quamquem
534 2184 613 2239 libero
634 2184 746 2249 incursu,
765 2182 852 2237 statim
873 2180 1005 2253 prorupit:

203 2262 258 2328 sed,
271 2265 302 2317 ut
313 2262 409 2317 busseto
425 2280 494 2317 ooeno
506 2261 631 2333 fossisque
646 2260 834 2332 impedimenta,
846 2258 945 2313 turbati
960 2258 1007 2312 cir.

203 2359 264 2396 cum
287 2339 388 2404 milites,
413 2338 526 2393 incertus
552 2339 684 2411 signorum
707 2337 777 2402 ordo,
802 2340 884 2407 utque
907 2335 953 2390 tali
980 2335 1009 2389 in

202 2423 320 2488 tempore
338 2416 386 2471 sibi
404 2417 511 2488 quisque
528 2435 652 2487 properus
669 2419 697 2471 ct
714 2415 791 2483 leutae
808 2413 942 2469 adversum
959 2412 1006 2467 im·

203 2495 277 2569 peria
288 2512 369 2559 aures,
383 2494 522 2565 irrumpere
535 2494 674 2549 Germanos
688 2492 769 2564 jubet,
783 2491 922 2557 clamitans,
941 2494 957 2521 “
967 2492 1009 2545 En

204 2575 301 2637 Varus,
314 2575 341 2627 et
358 2571 447 2626 eodem
469 2572 562 2627 iterum
580 2571 634 2625 fato
652 2571 744 2625 numa
764 2569 876 2641 legiones
885 2571 910 2625 !''
930 2568 1035 2623 Simu15

204 2652 268 2716 haeo,
287 2654 390 2705 etcum
409 2648 513 2705 delectis
531 2648 624 2704 scindit
643 2666 741 2721 agmen,
760 2648 883 2718 equisque
900 2646 1009 2701 maxime

205 2730 314 2785 vulnera
331 2726 432 2799 ingerit.
470 2726 513 2781 Illi
529 2726 653 2798 sanguine
669 2744 716 2780 suo
732 2729 759 2779 et
776 2724 873 2779 lubrico
889 2722 1035 2795 paludumo

204 2808 334 2879 lapsantes
349 2804 463 2861 excussis
481 2803 623 2859 rectoribus
643 2802 758 2875 disjicere
774 2802 870 2867 obvios,
883 2804 1019 2872 proterere¹

204 2884 327 2956 jacentes.
365 2882 494 2939 Plurimus
508 2882 576 2938 circa
588 2881 686 2953 aquilas
700 2879 779 2945 labor,
793 2898 849 2951 quae
860 2895 942 2947 neque
950 2876 1037 2937 ferris

208 2962 344 3017 adversum
354 2960 501 3033 ingruentia
515 2959 568 3015 tela
583 2977 666 3030 neque
681 2957 727 3030 figi
742 2956 832 3012 limosa
850 2955 927 3010 humo
942 2955 1013 3023 pote·
