2550 3500
290 396 336 443 160
633 395 752 445 Tncl'rl

867 460 901 508 [n.
912 459 938 498 o.
948 460 970 498 c.
980 458 1024 505 rra,
1034 458 1083 501 rra.

266 517 282 565 t
289 506 358 562 Nam
370 509 442 579 patre
455 508 510 579 ejus
520 506 578 561 Iulo
587 508 700 561 Antonio
709 525 742 564 oo
752 508 904 563 adulterium
913 510 930 561 J
931 509 988 563 uliae
997 514 1085 563 morte

288 586 386 657 punito,
408 585 484 649 huuc,
504 583 639 638 admodum
658 584 879 651 adolescentulum,
893 586 986 640 sororis
1004 604 1085 657 nepo

288 668 348 729 tem,
363 663 477 735 seposuit
488 664 623 735 Augustus
634 662 663 717 in
674 664 803 720 civitatem
821 664 1016 730 Massiliensem,
1035 664 1086 719 ubi
1145 717 1147 742 Ι

267 741 372 813 especie
396 738 538 795 studiorum
560 754 653 795 nomen
680 742 751 797 exilii
778 745 917 814 tegeretur.
965 741 1085 796 Habitus

288 823 375 874 tamen
398 818 522 889 supremis
545 818 633 881 honor,
658 837 766 892 ossaque
789 820 889 875 tumulo
915 818 1086 875 Octaviorum
1145 863 1146 868 ,

288 895 359 950 illata
370 914 415 967 per
427 894 556 950 decretum
569 899 681 951 senatus.

243 978 282 1035 45
323 972 410 1028 Isdem
422 971 567 1027 consulibus
579 972 678 1027 facinus
691 976 764 1029 atrox
775 973 803 1029 in
821 973 938 1029 citeriore
954 972 1086 1044 Hispania

289 1048 426 1105 admissum
444 1066 460 1103 a
477 1048 586 1119 quodam
602 1051 699 1121 agresti
715 1051 826 1106 nationis
843 1050 1015 1105 Termestinse.
1052 1050 1085 1105 Is

288 1132 424 1200 praetorem
443 1126 578 1199 provincia
595 1128 627 1183 L.
641 1130 769 1195 Pisonem,
787 1148 850 1201 pace
867 1130 1030 1194 incuriosum,
1049 1148 1087 1185 ex
1145 1169 1146 1200 ,

288 1206 425 1277 improviso
447 1205 475 1259 in
494 1204 585 1259 itincre
604 1205 717 1272 adortus,
737 1225 790 1261 uno
807 1207 912 1261 vulnere
928 1207 956 1261 in
973 1208 1086 1261 mortem

289 1282 390 1350 affecit3
409 1300 438 1337 ac
461 1282 612 1353 pernicitate
635 1283 695 1354 equi
717 1283 850 1355 profugus,
873 1290 1009 1355 postquam
1033 1284 1086 1338 sal-

288 1364 377 1414 tuosos
396 1359 465 1415 locos
484 1359 613 1431 attigerat,
635 1360 739 1415 dimisso
757 1379 831 1432 equo,
853 1380 899 1432 per
922 1360 1031 1430 derupta
1054 1365 1086 1416 et

267 1437 346 1495 lavia
369 1439 504 1508 sequentes
528 1436 667 1492 frustratus
691 1441 738 1493 est.
786 1438 878 1510 Neque
902 1438 947 1493 diu
970 1437 1083 1493 fefellit:
1145 1461 1146 1464 ¹

289 1532 348 1568 nam
361 1533 452 1586 prenso
470 1513 596 1585 ductoque
612 1533 659 1586 per
672 1516 800 1587 proximos
817 1534 896 1588 pagos
914 1534 988 1587 equo,
1007 1516 1086 1588 cujus

268 1591 357 1650 aforet
380 1590 518 1664 cognitum.
561 1592 743 1664 ermpertus,
768 1612 826 1649 cum
849 1594 983 1648 tormentis
1007 1593 1086 1648 edere

290 1669 403 1724 conscios
413 1669 565 1740 adigeretur,
573 1686 635 1724 voce
647 1688 746 1743 magna,
756 1688 870 1726 sermone
882 1671 973 1742 patrio,
985 1670 1087 1726 frustra
1145 1701 1146 1724 r

290 1765 318 1802 se
338 1745 490 1815 interrogari
508 1744 658 1802 clamitavit:
686 1749 835 1804 assisterent
858 1749 920 1804 socii
937 1767 967 1803 ac
985 1753 1086 1820 specta·

290 1827 361 1889 rent;
379 1823 473 1878 nullam
485 1823 536 1878 vim
548 1826 646 1878 tantam
665 1824 757 1881 doloris
775 1825 838 1892 iore,
851 1829 882 1880 ut
894 1825 1028 1880 veritatem
1040 1826 1088 1881 eli·

269 1903 367 1957 lceret.
403 1898 526 1970 Idemque
538 1915 597 1954 curn
609 1903 711 1972 postero
719 1903 752 1958 ad
760 1903 935 1974 quesitionem
944 1903 1088 1958 retrabere·

290 1982 341 2042 tur,
367 1993 396 2032 eo
419 1977 479 2032 nisu
497 1977 623 2049 proripuit
644 1997 672 2034 se
696 1980 844 2054 custodibus
869 1997 981 2051 saxoque
1005 1986 1089 2053 capnt

270 2055 390 2120 eaffluit,
414 2058 444 2109 ut
468 2054 555 2109 statim
579 2056 773 2113 exanimaretur.
810 2055 861 2112 Sed
883 2057 946 2112 Piso
969 2057 1089 2113 Termes-

291 2133 402 2188 tinorum
422 2131 480 2186 dolo
499 2149 579 2187 caesus
600 2133 724 2202 habetur;
743 2135 787 2206 qui
805 2135 925 2207 pecunias
943 2153 958 2190 e
981 2134 1089 2206 publico

292 2210 454 2282 interceptas,
468 2209 551 2264 acrius
563 2227 638 2280 quam
651 2216 681 2265 ut
693 2211 832 2267 tolerarent
843 2210 951 2278 barbari,
965 2213 1088 2284 cogebat.

247 2289 286 2342 46
327 2287 439 2342 Lentulo
451 2286 582 2352 Goetulico,
596 2287 626 2342 Ο.
640 2287 751 2344 Calvisio
763 2287 909 2344 consulibus
922 2288 1024 2344 decreta
1039 2291 1089 2345 tri-

222 2365 381 2453 ¹ppgrumpbi
399 2364 509 2436 insignia
520 2364 630 2436 Poppaeo
643 2365 743 2434 Sabino,
755 2367 870 2422 contusis
882 2366 1007 2421 Thracum
1024 2387 1090 2440 gen·
1146 2392 1147 2413 ι

228 2439 282 2502 nr]
294 2440 370 2506 tibus,
396 2442 440 2512 qui
462 2441 588 2496 montium
611 2441 687 2498 editis
705 2443 802 2509 inculti,
822 2449 899 2517 atque
916 2461 947 2499 eo
964 2443 1088 2512 ferocius,

239 2511 431 2610 ¹t2agitabam.
469 2517 553 2572 Causa
576 2523 669 2592 motus,
695 2539 771 2591 super
794 2521 925 2576 hominum
945 2521 1090 2594 ingenium,

294 2593 361 2666 quod
386 2595 440 2664 pati
464 2594 577 2650 delectus
596 2600 622 2650 et
640 2597 821 2652 validissimum
840 2617 965 2670 quemque
988 2598 1091 2655 militiae

193 2739 194 2743 ἵ
293 2675 387 2726 nostrae
405 2670 464 2726 dare
481 2672 688 2742 aspernabantur,
706 2692 739 2728 ne
756 2676 858 2747 regibus
877 2675 978 2747 quidem
996 2695 1091 2748 parere

293 2749 343 2803 nisi
354 2765 386 2803 ex
397 2747 501 2802 libidine
513 2748 589 2813 soliti,
599 2753 652 2816 aut,
665 2750 687 2804 si
698 2751 831 2807 mitterent
844 2753 942 2818 auxilia,
952 2768 1013 2808 suos
1026 2753 1090 2809 duc-

293 2828 363 2881 tores
380 2824 514 2896 praeficere,
530 2841 577 2879 nec
594 2825 645 2879 nisi
663 2825 795 2883 adversum
814 2829 910 2884 accolas
928 2827 1089 2902 belligerare.

273 2905 334 2961 8Ac
345 2906 403 2957 tum
414 2919 501 2956 rumor
512 2899 651 2956 incesserat
668 2903 723 2959 fore
737 2909 768 2959 ut
784 2905 885 2980 disjecti
900 2906 1006 2976 aliisque
1021 2907 1089 2962 nnti-

295 2977 385 3035 onibus
405 2977 525 3050 permixti
543 2978 655 3036 diversas
678 2981 706 3036 in
722 2985 804 3038 terras
827 2981 997 3038 traherentur.
1035 2984 1091 3040 Sed
