2550 3500
305 362 353 413 270
641 364 761 413 TACITI
798 384 801 391 ·

803 429 806 439 ¹
930 426 1097 477 mnam.

286 480 458 543 tsercrentur,
483 475 633 548 elegantiam
656 476 806 547 requireres.
854 476 926 530 Nero
955 477 1098 547 puerilibus

308 556 395 611 statim
407 554 477 609 annis
494 553 605 608 vividum
621 553 733 607 animum
750 553 778 607 in
791 551 840 607 alia
856 552 979 607 detorsit:
999 553 1099 618 caelare,

307 632 419 703 pingere,
439 634 533 686 ‘cantus
557 633 601 683 aut
625 630 738 701 regimen
761 648 884 700 equorum
907 648 1042 695 exercere3
1073 635 1101 684 et

205 770 207 775 ,
308 708 441 780 aliquando
460 707 611 763 carminibus
630 707 769 779 pangendis
790 707 874 762 inesse
897 707 947 763 sibi
969 708 1102 762 elementa

309 786 430 841 doctrine
442 784 599 839 ostendebat.

282 867 302 921 4
345 862 463 918 Ceterum
476 862 584 933 peractis
596 860 708 917 tristitia
719 860 884 916 imitamentis
896 860 1103 929 curiamingres-

310 958 361 1005 sns,
386 942 412 993 et
436 938 467 993 de
491 939 643 993 anctoritate
666 941 767 1009 patrum
790 942 817 993 et
841 956 966 994 consensu
988 938 1103 992 militum
1137 949 1139 1040 p

309 1016 438 1087 prefatus,
460 1016 563 1071 consilia
582 1016 630 1071 sibi
649 1019 676 1069 et
694 1014 809 1085 exempla
829 1014 977 1085 capessendi
997 1033 1102 1086 egregie

309 1092 408 1163 imperii
418 1093 574 1157 memoravit,
587 1110 670 1163 neque
680 1091 812 1162 juventam
829 1092 905 1146 armis
922 1091 1038 1147 civilibus
1056 1096 1102 1146 aut

311 1169 454 1225 domesticis
475 1169 605 1225 discordiis
625 1168 853 1235 imbutamentis
872 1168 937 1234 odia,
958 1169 1041 1223 nullas
1063 1169 1102 1223 in·

289 1246 388 1318 ajurias
412 1265 459 1301 nec
482 1246 625 1317 cupidinem
647 1245 751 1299 ultionis
776 1246 873 1301 afferre.
908 1246 975 1300 {tim
992 1246 1101 1300 formam

311 1323 392 1377 futuri
415 1324 570 1395 principatus
594 1322 755 1394 praescripsit,
779 1341 811 1377 ea
832 1323 940 1378 maxime
963 1323 1100 1388 declinans,

314 1419 421 1471 quorum
439 1419 526 1456 recens
543 1400 666 1472 flagrabat
686 1398 787 1453 invidia
823 1400 885 1455 Non
900 1400 1010 1455 enimse
1025 1419 1101 1472 nego

313 1480 408 1535 tiorum
426 1480 537 1534 omnium
552 1478 664 1550 judicem
684 1478 746 1543 fore,
767 1481 805 1543 ut,
825 1477 917 1533 clausis
935 1497 1013 1533 unam
1032 1482 1102 1534 intra
1137 1457 1139 1504 i

314 1556 416 1611 domum
428 1556 614 1611 accusatoribus
626 1559 653 1609 et
671 1555 728 1619 reis,
746 1572 885 1626 pancorum
900 1556 1016 1627 potentia
1030 1574 1101 1627 grase

314 1638 413 1689 seretur
422 1655 430 1701 3
448 1633 511 1688 nihil
528 1632 556 1687 in
573 1631 708 1703 penatibus
729 1632 782 1686 suis
800 1631 888 1686 venale
906 1636 951 1687 aut
970 1632 1101 1687 ambitioni

290 1712 445 1782 apervium3
464 1709 597 1765 discretam
610 1708 712 1764 domum
724 1712 751 1764 et
762 1709 956 1781 rempublicam.
992 1710 1101 1766 Teneret

315 1789 419 1858 antiqua
429 1787 516 1842 munia
527 1792 646 1853 senatus;
665 1786 796 1841 consulum
807 1787 975 1843 tribunalibus
987 1788 1065 1843 Italia
1076 1794 1101 1843 et

315 1865 421 1936 publicae
432 1864 566 1936 provinciae
579 1864 733 1928 assisterent.
770 1863 813 1918 ΠΗ
824 1868 926 1935 patrum
933 1865 1030 1919 aditum
1039 1885 1102 1938 pre-

288 1941 420 2000 5berent:
449 1959 476 1996 se
499 1940 624 1996 mandatis
648 1940 803 1996 exercitibus
826 1941 1009 1997 consulturum.
1046 1943 1102 1998 Nec
1137 1952 1138 1981 ¹

316 2019 397 2074 defuit
408 2017 478 2086 fides,
490 2019 620 2090 multaque
631 2017 735 2073 arbitrio
747 2021 850 2073 senatus
866 2020 1007 2078 constituta
1023 2026 1100 2075 sunt:

315 2117 348 2154 ne
360 2097 416 2170 quis
428 2096 460 2152 ad
477 2115 579 2154 causam
595 2095 715 2151 orandam
729 2097 843 2152 mercede
858 2102 902 2153 aut
919 2097 991 2153 donis
1009 2118 1102 2154 emere-
1137 2122 1139 2177 p

315 2179 375 2242 tur;
393 2193 426 2230 ne
446 2173 583 2247 designatis
605 2173 772 2245 quaestoribus
788 2173 879 2230 edendi
892 2175 1045 2246 gladiatores
1061 2196 1102 2232 ne-
1137 2184 1139 2217 ¹

292 2253 421 2308 2cessitas
444 2257 519 2307 esset.
556 2251 634 2312 Quod
657 2250 758 2322 quidem
781 2251 930 2308 adversante
952 2254 1100 2325 Agrippina,

316 2333 436 2401 tanquam
448 2333 505 2385 acta
517 2328 614 2385 Claudii
625 2327 840 2394 subverterentur,
852 2329 984 2385 obtinuere
1000 2337 1102 2402 patres;

316 2407 361 2478 qui
371 2407 399 2461 in
409 2406 535 2462 Palatium
550 2405 582 2461 ob
598 2405 625 2460 id
638 2404 801 2471 vocabantur,
818 2413 849 2460 ut
866 2410 962 2472 astaret
979 2407 1072 2464 abditis
1088 2428 1104 2464 a

316 2487 389 2555 tergo
401 2483 497 2538 foribus
509 2483 565 2539 velo
577 2483 694 2550 discreta,
708 2482 774 2554 quod
787 2482 870 2538 visum
882 2488 987 2550 arceret,
1001 2485 1103 2541 auditus

293 2572 368 2619 anon
388 2559 516 2616 adimeret.
553 2560 624 2620 Quin
642 2564 670 2615 et
687 2559 778 2631 legatis
801 2562 979 2617 Armeniorum
1004 2581 1104 2618 cansam

317 2637 401 2711 gentis
420 2637 487 2709 apud
502 2637 631 2693 Neronem
649 2637 787 2704 orantibus,
804 2638 939 2695 escendere
954 2645 1106 2714 suggestum

316 2715 475 2787 imperatoris
498 2718 525 2768 et
548 2713 683 2786 praesidere
707 2714 782 2785 simul
805 2716 917 2788 parabat,
940 2717 992 2773 nisi
1014 2721 1106 2775 aeteus

316 2811 409 2866 pavore
430 2790 518 2846 defixis
536 2791 631 2846 Seneca
647 2791 826 2859 admonuisset,
843 2795 956 2850 venienti
970 2797 1048 2852 matri
1066 2815 1107 2853 oc·

317 2872 437 2928 curreret.
473 2868 517 2924 Ita
528 2869 610 2939 specie
621 2868 724 2940 pietatis
736 2869 835 2926 obviam
846 2872 911 2927 itum
923 2871 1048 2930 dedecori

290 2951 309 3006 6
351 2948 414 3004 Fine
426 2945 485 3002 anni
496 2944 605 3002 turbidis
616 2946 760 3004 rumoribus
771 2949 916 3021 pmrupisse
932 2967 1036 3008 rursum
1046 2951 1108 3008 Par·
