2550 3500
194 436 344 486 mmm
397 375 591 424 ANNALIUM
610 375 661 423 111.
679 377 784 423 30-34.
890 407 894 413 ·
935 378 979 426 111

191 487 261 552 litiae,
276 504 381 557 corpore
392 486 502 541 validum
515 494 541 543 et
556 486 622 542 bello
634 486 808 542 suffecturum.
843 485 922 545 Quod
936 487 1006 543 ini-a

191 566 257 619 tium
276 565 334 619 Sex.
349 563 486 633 Pompeius
504 563 616 636 agitandi
634 563 755 618 adversus
771 564 889 619 Marcum
906 562 983 633 Lepi·

192 640 255 695 dum
277 640 329 695 cdii
351 645 450 706 nactus,
468 644 499 695 ut
517 640 654 706 socordem,
672 642 780 711 inopem,
800 645 827 695 et
847 640 983 711 majoribus

191 717 246 773 suis
265 716 424 782 dedecorum,
443 734 523 788 eoque
542 718 619 773 etiam
636 718 704 772 Asia
722 723 791 771 sorte
809 716 983 788 depellendum

192 796 339 861 incusavit3
357 795 462 851 adverso
483 800 580 861 senatu,
598 796 643 867 qui
651 795 777 866 Lepidum
795 796 882 850 mitem
902 796 983 867 magis

191 890 270 943 quam
291 872 419 943 ignavum,
441 874 559 943 paternas
580 872 604 927 ci
624 872 755 943 angustias
780 876 806 926 et
826 872 983 927 nobilitatem

191 949 247 1005 sine
264 948 358 1019 probro
376 952 458 1003 aotam
475 949 564 1005 honori
582 968 659 1019 quam
676 949 820 1020 ignominia
835 949 983 1015 habendam,

191 1026 310 1081 ducebat.
347 1026 433 1094 Igitur
449 1026 543 1081 missus
560 1026 588 1081 in
605 1026 700 1081 Asiam.
736 1026 772 1081 Et
790 1026 821 1081 de
839 1026 926 1082 Africa
942 1027 1006 1086 det

191 1110 289 1159 cretum
299 1106 329 1157 ut
340 1100 425 1157 Caesar
436 1102 531 1174 legeret
543 1103 585 1158 oui
592 1102 732 1157 mandanda
743 1104 818 1158 foret.
847 1104 1030 1174 marquart

192 1180 302 1235 Severus
315 1179 416 1234 Caecina
428 1181 526 1235 censuit
538 1198 570 1235 ne
582 1198 657 1251 quem
669 1181 853 1252 magistratum,
866 1180 908 1235 cni
925 1198 983 1251 pro-

190 1257 275 1312 vincia
293 1256 445 1322 obvenisset,
462 1276 530 1313 uxor
550 1256 730 1324 comitaretur;
748 1257 856 1311 multum
872 1262 931 1311 ante
946 1276 984 1313 re-

191 1335 282 1403 petito,
296 1333 443 1389 concordem
462 1334 510 1389 sibi
522 1334 656 1405 conjugem
671 1338 697 1389 et
715 1352 760 1388 sex
771 1339 860 1404 partus
875 1334 983 1400 enixam,

192 1428 270 1481 seque
284 1428 339 1481 quas
351 1410 377 1465 in
389 1410 518 1481 publicum
530 1415 656 1466 statueret
673 1410 738 1465 domi
758 1411 903 1478 servavisse,
917 1412 984 1466 cohi·

192 1486 246 1543 bita
256 1488 325 1542 intra
335 1486 445 1555 Italiam,
457 1504 599 1559 quanquam
611 1488 666 1558 ipse
682 1487 767 1559 plures
785 1506 831 1559 per
841 1488 983 1558 provincias

192 1564 359 1636 quadraginta
376 1564 501 1635 stipendia
514 1564 674 1635 explevisset.
710 1563 790 1619 Haud
805 1564 872 1619 enim
887 1564 1008 1623 frustrat

191 1642 311 1713 placitum
324 1641 385 1695 olim
396 1660 429 1696 ne
440 1640 539 1696 feminae
555 1641 582 1696 in
598 1641 680 1697 socios
696 1644 741 1695 sut
758 1645 848 1712 gentes
865 1647 982 1697 externas

190 1719 369 1774 traherentur:
395 1718 478 1774 inesse
501 1717 634 1774 mulierum
658 1717 791 1774 comitatui
814 1737 871 1790 quo
894 1736 982 1790 pacem

189 1797 261 1860 luxu,
275 1795 369 1852 bellum
384 1796 517 1851 formidine
534 1801 671 1862 morentur,
688 1801 715 1851 et
732 1796 874 1852 &manum
892 1814 982 1867 agmen

189 1873 222 1928 ad
234 1873 425 1928 similitudinem
436 1872 536 1928 barbari
547 1873 661 1928 incessus
673 1878 829 1928 convertant.
865 1874 926 1928 Non
936 1873 981 1928 im·
992 1883 1007 1929 8

188 1949 307 2006 berillum
324 1954 426 2004 tanturn
447 1954 474 2005 et
492 1951 612 2022 imparem
630 1950 758 2006 laboribus
779 1969 874 2016 sexum,
896 1951 942 2006 sed
959 1952 982 2007 si

187 2027 292 2082 licentia
309 2027 383 2092 adsit,
405 2045 507 2093 savum,
527 2027 697 2093 ambitiosum,
714 2028 848 2098 potestatis
864 2027 981 2095 avidum;

186 2104 306 2160 incedere
321 2103 390 2158 inter
404 2104 507 2168 milites,
524 2104 617 2160 habere
636 2103 669 2158 ad
684 2123 785 2158 manum
803 2104 981 2170 centurionem

185 2180 339 2254 praesedisse
350 2200 432 2252 nuper
443 2181 561 2236 feminam
573 2181 694 2236 exercitio
706 2181 854 2246 cohortium,
873 2181 982 2236 decursu

184 2259 325 2330 legionum.
362 2257 512 2330 cogitarent
527 2257 584 2329 ipsi,
600 2258 717 2329 quotiens
729 2257 924 2328 repetundanrm
938 2259 1006 2314 ali-4

185 2337 232 2408 qui
249 2340 426 2407 arguerentur,
445 2335 518 2406 plura
535 2335 657 2390 uxoribus
673 2335 809 2406 objectari;
837 2336 876 2390 his
894 2337 981 2392 statim

184 2414 360 2470 adhaerescere
372 2412 535 2468 deterrimum
548 2429 674 2483 quemque
685 2412 884 2483 provincialimn,
898 2412 929 2468 ab
940 2414 981 2470 his

184 2489 292 2562 negotia
303 2489 405 2560 suscipi,
415 2489 535 2561 transigi;
554 2489 663 2544 duorum
672 2508 790 2561 egressus
802 2490 858 2557 mli
866 2489 916 2548 duo
925 2510 981 2546 esse

184 2568 315 2640 prataria,
328 2568 501 2639 pervicacibus
513 2567 593 2640 megia
609 2572 635 2622 et
652 2568 833 2638 impotentibus
847 2569 981 2626 mulierum

183 2645 271 2716 jussis,
286 2663 343 2716 qum
356 2644 446 2714 Oppiis
458 2643 585 2714 qnondam
597 2644 702 2714 aliisque
715 2644 813 2716 legibus
829 2646 980 2714 constricto,

185 2740 255 2778 nuuc
277 2721 368 2777 vindis
389 2720 511 2776 exsolutis
533 2720 629 2787 domos,
649 2721 712 2787 fors,
728 2723 781 2793 jam
804 2728 830 2777 et
851 2723 978 2777 exercitus

186 2803 313 2870 regerent.
349 2798 492 2853 Paucorum
510 2798 564 2854 haro
581 2817 686 2852 assensn
708 2798 810 2853 audita:
830 2799 916 2870 plures
936 2797 1027 2858 ob84

187 2875 333 2940 turbabant,
355 2893 438 2946 neque
456 2875 563 2930 relatum
581 2875 613 2930 de
631 2875 735 2946 negotio
753 2894 834 2946 neque
855 2875 978 2929 Casinam

189 2950 291 3022 dignum
303 2956 383 3008 tantae
394 2951 432 3006 rei
444 2969 580 3008 censorem.
612 2952 677 3006 Mox
689 2952 806 3008 Valerius
817 2949 978 3020 Messalinus,
988 2960 1004 3004 2
