2550 3500
305 373 354 438 eso
641 386 757 436 raeiri

932 451 966 498 [Α.
977 451 1006 490 U.
1016 452 1039 490 G.
1051 452 1097 491 818.

282 496 301 558 7
342 500 454 556 Mortem
466 499 581 571 Poppae
592 502 623 555 ut
634 500 715 571 palam
733 500 841 565 tristem,
855 500 891 554 ita
902 500 1098 555 recordantibus

307 578 391 633 latam
402 576 434 631 ob
446 576 627 647 impudicitiam
644 578 699 647 ejus
717 578 895 647 saevitiamque,
914 595 979 631 nova
990 578 1099 648 insuper

307 654 402 709 invidia
424 654 494 709 Nero
512 654 645 724 complevit
663 653 818 725 prohibendo
836 654 865 708 0.
879 654 995 708 Cassium
1013 655 1099 709 officio

285 732 487 801 2excqmmum3
505 730 573 801 quod
590 731 699 801 primum
717 730 837 785 indicium
855 728 920 784 mali.
957 730 1051 801 Neque
1070 732 1099 785 in

307 809 411 881 longum
423 807 529 863 dilatum
540 812 587 873 est,
601 808 646 863 sed
663 808 761 863 Silanus
780 807 888 875 additur,
900 808 969 863 nullo
980 809 1097 875 crimine,

308 886 357 940 nisi
369 886 437 957 qnod
451 885 554 940 Cassius
569 886 660 957 opibus
677 885 786 940 vetustis
803 888 829 939 et
844 886 968 957 gravitate
985 904 1097 953 morum,

309 963 409 1017 Silanus
426 962 575 1018 claritudine
597 962 697 1034 generis
721 966 747 1017 et
770 962 885 1017 modesta
900 962 1013 1033 juventa,
1031 982 1099 1034 prae-

287 1039 438 1096 acellebant.
474 1039 560 1111 Igitur
584 1039 662 1093 missa
685 1038 717 1093 ad
740 1044 856 1093 senatum
879 1040 992 1093 oratione
1015 1058 1098 1094 remo-

308 1116 403 1171 vendos
419 1134 435 1170 a
450 1135 479 1171 re
495 1116 596 1188 publica
612 1121 735 1187 utrosque
753 1116 872 1171 disseruit
881 1138 889 1182 3
908 1115 1098 1187 objectavitque

309 1193 396 1248 Cassio
408 1193 476 1264 quod
484 1194 552 1247 mter
559 1193 682 1264 imagines
691 1192 814 1264 majorum
823 1193 899 1247 etiam
908 1192 937 1248 O.
952 1193 1035 1247 Cassii
1047 1194 1098 1247 effi-

308 1270 375 1342 giem
387 1270 514 1339 coluisset,
526 1270 564 1325 ita
574 1270 730 1341 inscriptam,
742 1271 757 1299 “
764 1270 833 1325 Duoi
844 1269 953 1341 partium
964 1271 988 1323 :”
1001 1269 1098 1340 quippe

309 1347 404 1402 semina
420 1347 480 1402 belli
497 1347 576 1402 civilis
594 1351 620 1402 et
644 1346 810 1401 defectionem
834 1346 941 1401 adorno
966 1346 1099 1401 Caesarum

287 1425 447 1495 tquaesitam.
484 1426 523 1479 Ae
540 1423 593 1494 †ne
610 1423 731 1478 memoria
753 1426 852 1477 tantum
877 1423 970 1477 infensi
986 1423 1099 1477 nominis

310 1502 342 1555 ad
359 1500 495 1556 discordias
512 1505 635 1566 uteretur,
655 1500 820 1571 assumpsisse
840 1499 872 1555 L.
887 1500 1006 1565 Silanum,
1023 1500 1100 1571 juve-

309 1597 368 1633 nem
387 1597 479 1650 genere
499 1578 616 1642 nobilem,
638 1578 721 1633 animo
742 1583 905 1649 preruptam,
927 1596 1002 1648 quem
1022 1578 1099 1631 novis

286 1652 385 1709 Srebus
408 1659 556 1710 ostentaret.
602 1656 692 1725 Ipsum
718 1654 807 1709 dehinc
835 1654 946 1709 Silanum
969 1654 1100 1725 increpuit

309 1732 390 1788 isdem
408 1733 498 1804 quibus
515 1736 633 1805 patruum
653 1733 707 1804 ejus
724 1732 887 1803 Torquatum,
905 1736 1027 1802 tanquam
1046 1731 1099 1786 dis-

310 1813 415 1880 poneret
428 1811 481 1880 jam
498 1810 596 1880 imperii
611 1828 692 1875 curas,
712 1810 899 1881 praeficeretque
916 1809 1057 1864 rationibus
1070 1813 1100 1864 et

309 1886 401 1941 libellis
413 1890 439 1940 et
451 1886 564 1956 epistolis
581 1886 693 1952 libertos,
710 1887 793 1940 inania
809 1885 884 1940 simul
899 1890 925 1941 et
941 1886 1017 1940 falsa:
1037 1905 1100 1941 narn

312 1963 419 2028 Silanus,
432 1963 554 2017 intentior
562 1966 633 2017 metu
642 1967 668 2017 et
677 1963 754 2018 exitio
764 1963 854 2034 patrui,
865 1962 897 2017 ad
905 1963 1101 2034 precavendum

290 2040 448 2100 aexterritus
460 2043 522 2095 erat.
556 2039 661 2094 Induoit
673 2041 778 2110 posthac
789 2040 910 2095 vocabulo
922 2039 1042 2104 indicum,
1053 2042 1101 2111 qui

311 2118 339 2171 in
355 2116 478 2187 Lepidam
496 2117 577 2172 cassii
598 2135 710 2182 uxorem,
736 2116 814 2172 Silani
837 2117 946 2182 amitam,
970 2116 1100 2172 incestum

312 2213 370 2248 cum
387 2195 473 2249 fratris
488 2194 540 2249 filio
554 2197 581 2249 et
599 2193 667 2249 diros
686 2212 814 2249 sacrorum
831 2193 896 2248 ritus
915 2193 1099 2265 contingerent.

291 2271 487 2328 tTrahebantur
498 2275 529 2326 nt
540 2271 634 2326 conscii
646 2271 778 2326 Volcatius
790 2271 904 2325 Tullinus
917 2289 946 2325 ac
958 2271 1101 2327 Marcellus

312 2348 444 2403 Cornelius
462 2352 597 2413 senatores,
615 2351 642 2402 et
659 2348 809 2418 Calpurnius
826 2347 938 2402 Fabatus
954 2365 1031 2418 eques
1045 2349 1101 2402 Rs

311 2445 415 2491 manus;
434 2425 478 2496 qui
489 2426 614 2496 appellato
631 2425 745 2497 principe
762 2425 899 2480 instantem
911 2424 1101 2480 damnationem

312 2503 436 2566 frustrati,
449 2521 508 2556 mor
520 2503 650 2557 Neronem
664 2502 731 2556 circa
742 2520 841 2556 summa
852 2502 946 2557 scelera
957 2502 1101 2557 distentum

287 2579 385 2650 qquasi
401 2579 510 2633 minores
528 2597 637 2634 evasere.
674 2579 745 2634 Tunc
763 2579 879 2634 consulto
897 2582 988 2634 senatu
1006 2579 1101 2634 Cassio

312 2662 339 2712 et
352 2657 435 2712 Silano
447 2657 522 2711 exilia
532 2657 719 2712 decernuntur:
745 2657 776 2712 de
792 2657 890 2728 Lepida
906 2657 991 2713 Oaesar
1003 2660 1102 2713 statue-

289 2739 359 2792 2ret.
395 2734 600 2804 Deportatusqne
617 2734 645 2788 in
662 2733 770 2788 insulam
788 2734 928 2788 Sardiniam
946 2732 1060 2800 Cassius,
1074 2740 1103 2790 et

311 2814 429 2865 senectus
440 2811 495 2881 ejus
513 2810 700 2880 expectabatur.
737 2810 845 2879 Silanus,
857 2814 977 2881 tanquam
995 2811 1103 2867 Naxum

312 2888 483 2954 deveheretur,
503 2889 602 2944 Ostiam
619 2893 737 2954 amotus3
760 2893 818 2960 post
836 2889 972 2960 municipio
992 2891 1102 2960 Apuliae,

289 2965 352 3019 scu
363 2983 454 3021 nomen
465 2966 569 3020 Barium
584 2970 632 3030 est,
652 2964 785 3022 clauditur.
821 2967 878 3021 lllic
895 2966 1105 3038 indignissimum
