2550 3500
289 350 336 397 1⁰0
621 348 743 396 Taclrl

917 410 1074 461 [sucus

288 459 310 515 si
322 459 433 516 recentia
448 461 576 531 purgaret,
594 478 678 530 neque
695 459 827 515 defensum
844 459 997 515 absolutioni
1012 467 1075 525 erat,

266 538 311 594 ssi
322 541 451 591 teneretur
463 536 599 606 majoribus
610 537 723 609 flagitiis.
759 538 823 591 Post
835 556 910 608 quem
923 538 1038 592 Servaeus
1050 542 1077 593 et

288 614 414 669 Veranius
435 618 461 668 et
477 614 597 668 Vitellius
615 614 741 669 consimili
755 614 849 679 studio,
867 614 914 668 sed
930 614 1012 669 multa
1028 614 1078 669 elo-

288 692 392 763 quentia
409 691 536 755 Vitellius,
556 690 677 762 objeeere,
702 691 760 746 odio
778 691 923 747 Germanici
943 696 969 746 et
989 710 1076 746 remm
1140 693 1141 718 ³

287 787 410 823 novarum
421 768 507 823 studio
518 768 637 822 Pisonem
649 768 741 840 vulgus
757 768 873 833 militum,
886 787 932 838 per
947 768 1076 823 licentiam

287 850 315 900 et
334 846 458 900 sociorum
477 845 590 917 injurias,
610 863 642 899 eo
661 864 743 916 usque
763 846 914 916 corrupisse,
934 850 965 899 ut
984 864 1076 916 parens

286 923 415 995 legionum
427 941 442 977 a
454 922 595 977 deterrimis
608 922 790 993 appellaretur;
809 927 899 977 cenna
909 922 937 977 in
951 923 1077 994 optimum

288 1019 420 1071 quemque,
434 999 541 1053 maxime
555 998 582 1053 iu
598 999 703 1054 comites
715 1003 742 1053 et
754 1000 847 1054 amicos
864 999 1015 1067 Germanici,
1031 1018 1077 1054 sae·

287 1078 369 1144 visse;
395 1081 523 1148 postremo
540 1076 623 1147 ipsum
643 1075 819 1130 devotionibus
840 1080 867 1131 et
887 1094 984 1132 veneno
1004 1095 1078 1147 pere·

286 1154 363 1209 misse
374 1174 380 1220 ;
398 1172 469 1209 sacra
477 1153 536 1209 hine
545 1158 571 1208 et
583 1153 767 1208 immolationes
776 1153 898 1208 nefandas
909 1154 990 1225 ipsius
999 1157 1076 1225 atque

286 1231 421 1297 Plancinae,
435 1230 542 1302 petitam
557 1230 633 1285 armis
646 1248 699 1285 reru
714 1230 848 1301 publicam,
860 1235 941 1302 atque
958 1249 1018 1285 rens
1034 1232 1077 1302 agi

244 1310 381 1379 leposser,
400 1309 453 1363 acie
477 1308 581 1363 vietum.
622 1307 745 1362 Defensio
764 1308 793 1362 in
813 1308 904 1363 ceteris
924 1308 1075 1379 trepidavit:

286 1404 346 1441 nam
368 1404 450 1457 neque
471 1385 633 1440 ambitionem
656 1385 792 1443 militarem
814 1404 897 1457 neque
920 1386 1077 1457 provinciam

289 1463 398 1535 pessimo
416 1462 507 1533 cuique
525 1462 666 1529 obnoxiam,
683 1481 717 1518 ne
732 1463 897 1518 contumelias
915 1462 1016 1534 quidem
1034 1462 1077 1516 ad-

265 1555 391 1601 2versum
410 1540 594 1611 imperatorem,
613 1540 717 1595 infitiari
736 1544 845 1612 poterat.
881 1540 968 1594 Solum
986 1540 1078 1595 veneni

289 1618 386 1673 crimen
398 1618 467 1672 visus
479 1623 519 1672 est
531 1616 651 1683 diluisse3
670 1618 739 1689 quod
752 1636 785 1673 ne
802 1621 961 1672 accusatores
975 1616 1078 1688 quidem

289 1695 352 1750 satis
364 1693 504 1760 firmabant,
517 1694 545 1748 in
560 1694 676 1749 convivio
694 1694 844 1762 Germanici,
857 1713 915 1751 eam
931 1713 1008 1767 super
1019 1713 1078 1750 enm

288 1772 349 1828 Piso
358 1772 534 1837 discumberet,
545 1772 653 1827 infectos
662 1773 777 1828 manibus
790 1774 844 1844 ejus
853 1774 922 1829 cibos
932 1777 1077 1844 arguentes.

266 1849 392 1920 sQuippe
404 1849 540 1904 absurdum
551 1848 692 1915 videbatur,
705 1851 774 1905 inter
789 1851 869 1906 aliena
881 1851 984 1906 servitia
997 1854 1025 1905 et
1036 1854 1079 1905 tot

289 1929 444 1984 adstantium
456 1929 520 1994 visu,
533 1929 588 2000 ipso
599 1929 747 1985 Germanico
759 1949 851 1996 coram,
859 1930 886 1985 id
898 1949 996 1985 ausum.
1033 1931 1079 1986 Of·
1138 1970 1139 1977 ,

288 2006 437 2079 ferebatque
448 2006 568 2061 familiam
584 2025 651 2072 reus,
664 2013 691 2062 et
702 2008 831 2063 ministros
846 2008 875 2062 in
889 2011 1018 2062 tormenta
1034 2008 1079 2062 ila-

266 2084 396 2156 egitebat.
431 2084 482 2139 Sed
499 2083 597 2156 judices
618 2103 664 2155 per
684 2084 784 2140 diversa
802 2084 972 2157 implacabiles
995 2089 1078 2151 erant,

290 2162 376 2218 Oaesar
393 2161 425 2218 ob
443 2161 535 2218 bellum
552 2161 687 2232 provincia
704 2162 810 2230 illatum,
828 2166 932 2218 senatus
948 2181 1079 2232 nunquam

290 2241 352 2295 satis
373 2239 469 2295 credito
490 2239 544 2294 sine
563 2238 652 2294 fraude
673 2239 849 2295 Germanicum
868 2239 995 2295 interisse.
1031 2241 1079 2277 ἕ*

290 2317 449 2388 scripsissent
467 2315 673 2387 expostulantem
691 2316 760 2388 quod
776 2316 846 2372 haud
860 2317 946 2372 minus
962 2316 1079 2372 liberius

267 2409 366 2465 squam
383 2394 443 2450 Piso
456 2394 573 2449 abnuere.
611 2394 692 2449 Simul
709 2395 796 2466 populi
813 2397 873 2449 ante
890 2395 986 2450 curiam
1003 2411 1079 2449 voees

291 2470 471 2526 audiebantur:
501 2487 553 2525 non
575 2473 762 2541 temperaturos
785 2471 909 2537 manibus,
933 2471 957 2526 si
976 2474 1080 2542 patrum

267 2547 429 2610 esententias
447 2547 576 2602 evasisset,
612 2546 766 2619 Effigiesque
783 2547 884 2603 Pisonis
901 2552 1034 2603 traxerant
1052 2548 1081 2602 in

292 2624 425 2679 Gemonias
446 2642 475 2679 aa
499 2623 657 2693 divellebant‚
677 2625 705 2679 ni
723 2625 798 2695 jussu
817 2625 937 2696 principis
957 2629 1081 2696 protecta

268 2701 457 2774 erepositreque
469 2700 560 2755 forent.
596 2702 683 2773 Igitur
693 2701 790 2756 inditus
803 2702 899 2757 lectiam
911 2705 937 2757 et
949 2720 965 2756 a
975 2701 1081 2757 tribuno

290 2779 416 2851 praetoriae
435 2777 546 2833 cohortis
567 2776 692 2833 deductus
712 2782 760 2843 est,
778 2780 848 2834 vario
865 2797 972 2845 mmore,
992 2783 1081 2834 custos

247 2854 513 2926 15selutianmortis
525 2857 628 2910 exactor
640 2860 796 2926 sequeretm.
838 2856 935 2912 Eadem
952 2855 1081 2911 Plancina
1135 2862 1136 2895 l

292 2933 393 3000 invidia,
420 2933 502 3006 major
528 2933 628 3004 gratia3
657 2951 739 3006 coque
765 2933 912 3006 ambiguum
938 2933 1082 2989 babebatm
