2550 3500
193 464 210 503 Α
230 466 248 503 D
266 464 308 513 ss]
399 401 595 451 ANNALIUM
613 402 665 451 111.
683 405 786 452 34-37.
940 404 985 456 tls

191 514 324 585 castigatis
348 511 449 583 oblique
472 513 587 585 patribus
612 512 680 585 quod
700 516 790 569 emota
812 531 929 569 curarum
953 512 985 570 ud

190 591 330 661 principem
347 589 491 659 rejicerent,
510 590 549 645 M.
561 590 689 661 Lepidum
706 594 734 665 et
750 591 856 645 Junium
874 590 986 656 Blesum

188 667 331 739 nominavit
343 684 376 721 ex
387 666 444 737 quis
456 684 503 739 pro
518 667 620 723 consule
636 667 731 723 Africa
747 666 883 740 legeretur.
920 668 1008 723 Tum2

189 744 279 799 audita
291 743 422 801 amborum
437 744 521 811 verbe,
539 744 663 801 intentius
681 749 820 801 excusante
835 764 863 800 se
879 744 985 816 Lepido,

190 840 250 877 cum
273 820 438 877 valitudinem
463 821 583 891 corporis,
608 826 710 877 etatem
733 821 848 887 liberum,
873 822 986 877 nubilem

189 901 266 955 filiam
280 899 437 968 obtenderet,
449 899 692 971 intellegereturque
710 901 788 958 etiam
803 900 872 973 qnod
887 900 984 966 silebat,

191 977 346 1033 avunculum
364 996 421 1031 esse
439 977 523 1049 Sejani
539 978 658 1043 Blesum,
674 981 751 1049 atque
768 996 799 1033 co
816 976 985 1049 praevalidum.

191 1053 336 1125 Respondit
352 1053 451 1109 Bloesus
469 1054 552 1125 specie
570 1054 720 1119 recusantis,
738 1054 784 1109 sed
798 1073 881 1127 neque
899 1054 1008 1109 eademt

191 1131 388 1195 asseveratione,
400 1134 426 1185 et
438 1149 563 1187 consensu
574 1130 730 1186 adulantium
742 1130 810 1187 haud
818 1131 891 1203 jutus
903 1136 950 1187 est.

225 1208 297 1265 Exin
316 1212 463 1279 promptum
483 1208 554 1279 quod
573 1208 713 1265 multorum
732 1208 829 1263 intimis
853 1208 986 1280 questibus
993 1212 1031 1267 36

191 1286 338 1359 tegebatur.
374 1285 513 1341 Incedebat
526 1286 595 1343 enim
614 1285 750 1353 deterrimo
767 1286 858 1357 cuique
875 1286 985 1352 licentia,
1071 1299 1072 1304 ’

190 1366 298 1435 impune
313 1362 406 1434 probra
420 1366 449 1434 et
464 1362 585 1420 iuvidiam
602 1362 630 1417 in
644 1362 723 1418 bonos
739 1363 866 1425 excitandi
884 1367 987 1435 arrepta

194 1439 987 1584 tttct³t22ltll¹tltttfflt⁰ll

186 1593 341 1657 ,tuebantur
378 1594 465 1665 Igitur
489 1593 518 1649 O.
532 1594 634 1651 Cestius
659 1597 761 1649 senator
781 1592 902 1648 disseruit
918 1594 1009 1665 prin-2

191 1673 264 1743 cipes
278 1670 380 1742 quidem
391 1670 472 1737 instar
484 1670 586 1727 deonun
600 1690 672 1727 esse:
690 1670 735 1725 sed
752 1689 835 1743 neque
851 1689 866 1725 a
881 1670 922 1725 dis
938 1670 988 1725 nisi

190 1751 277 1820 justas
301 1748 445 1820 supplicum
464 1767 552 1820 preces
571 1749 661 1815 audiri,
683 1767 766 1820 neque
784 1767 934 1820 quemquam
960 1749 988 1803 in

195 1826 351 1898 Capitolium
359 1825 438 1880 abeve
449 1825 519 1882 urbis
532 1825 628 1897 templa
639 1826 781 1898 perfugere,
792 1830 862 1881 uteo
874 1825 987 1880 subsidio

195 1903 226 1958 ad
238 1903 337 1976 flagitia
356 1906 453 1958 utatur.
489 1902 606 1958 Abolitas
626 1903 696 1976 leges
715 1907 742 1958 et
757 1903 874 1960 funditus
891 1913 1009 1968 versant

193 1980 239 2035 nbi
256 1981 285 2034 in
302 1979 366 2048 foro,
384 1980 411 2034 in
428 1979 514 2046 limine
532 1981 609 2050 curiae
627 1980 659 2036 ab
678 1981 763 2035 Annia
783 1981 886 2046 Rufilla,
911 1999 987 2050 quam

192 2057 292 2112 fraudis
316 2056 364 2112 snb
382 2056 470 2128 judice
489 2056 666 2123 damnavisset,
687 2057 779 2130 probra
798 2057 893 2112 sibiet
913 2057 988 2112 mine

191 2134 368 2201 intendantur,
381 2153 463 2207 neque
475 2136 529 2206 ipse
546 2134 637 2202 audeat
646 2137 690 2207 jus
708 2136 818 2206 experiri
833 2135 866 2190 ob
881 2135 987 2206 effigiem

191 2211 355 2283 imperatoris
367 2211 518 2282 oppositam.
554 2212 634 2268 Haud
645 2212 777 2275 dissimilia
787 2212 837 2277 alii,
848 2217 874 2266 et
886 2211 1012 2282 quidem4

193 2289 324 2344 atrociora
343 2287 603 2360 circumstrepebant3
628 2289 846 2360 precabanturque
865 2284 987 2355 Drusum,
1032 2303 1035 2306 ’

192 2368 271 2422 daret
295 2365 400 2420 ultionis
428 2365 578 2436 exemplum,
604 2365 684 2421 donec
710 2366 989 2432 accitamlconvictam-

191 2461 247 2515 que
272 2442 378 2514 attineri
401 2442 502 2513 publica
524 2442 641 2510 custodia
664 2443 750 2514 jussit.
784 2443 830 2498 ut
854 2441 989 2511 Considius
1000 2452 1036 2513 37

192 2521 299 2592 AEquus
317 2523 344 2574 et
362 2519 454 2574 Cetus
473 2519 569 2574 Cursor
586 2520 685 2590 equites
703 2519 829 2590 Romani,
839 2520 907 2592 quod
924 2521 990 2576 lictis

194 2596 343 2670 majestatis
368 2595 514 2652 criminibus
525 2661 527 2670 Ι
538 2595 656 2668 Magium
676 2597 837 2655 Caecfflmum
857 2602 991 2668 pretorem

195 2674 359 2746 petivissent,
373 2677 476 2740 audere
491 2674 605 2746 principe
619 2693 650 2730 ac
666 2673 768 2729 decreto
784 2678 887 2731 senatus
899 2676 989 2746 prmiti.

199 2753 347 2822 Utrumque
359 2751 387 2807 in
398 2751 498 2808 leudem
510 2752 592 2810 Drusi
603 2752 768 2809 trahebatur:
794 2752 826 2807 ab
838 2771 876 2815 eo,
890 2755 917 2805 in
928 2751 1016 2806 urben

196 2829 266 2886 inter
284 2832 363 2891 coetus
381 2833 408 2884 et
424 2847 552 2884 sermones
569 2829 699 2884 hominum
717 2828 875 2893 obversante,
894 2833 992 2882 secreta

198 2905 279 2975 patris
286 2906 405 2978 mitigari.
436 2905 528 2978 Neque
536 2905 611 2974 lusus
621 2907 648 2960 in
655 2907 749 2981 juvene
759 2905 820 2960 adeo
830 2903 990 2974 displicebat:
1000 2913 1015 2958 3

199 2983 250 3038 huc
259 2983 344 3052 potius
356 2983 500 3038 intenderet
518 2983 586 3038 diem
598 2982 814 3052 aedificationibus,
823 2984 925 3038 noctem
934 2995 992 3032 con·

227 3073 346 3112 vac-‚rom
358 3075 376 3106 [ι
584 3075 595 3113 1
