2550 3500
184 434 211 472 Δ.
221 432 248 473 D.
258 432 301 483 w]
396 370 594 421 ANNALIUM
612 370 656 420 IV.
674 373 776 419 38-41.
932 364 977 421 157

183 484 267 539 Liviae
286 483 357 539 velut
376 484 403 539 in
422 488 508 555 partes
528 483 631 539 domum
655 484 785 538 Caesarum
808 482 975 538 distraxisset.

184 562 229 615 Sic
247 576 349 633 quoque
366 578 498 634 erumpere
516 562 699 617 aemulationem
720 562 877 625 feminarum,
896 564 999 630 eaquel

183 638 312 693 discordia
334 644 439 711 nepotes
464 658 524 695 suos
548 638 672 695 convelli:
702 639 764 711 quid
786 638 809 693 si
828 637 976 693 intendatur

134 784 135 791 ἵ
182 720 315 772 certamen
332 718 379 773 tali
397 718 535 790 conjugio?
555 718 686 773 “Falleris
705 718 780 782 euim,
797 717 895 788 Sejane,
909 716 932 770 si
947 720 996 770 tet

180 814 332 850 mansurum
349 797 376 851 in
394 797 481 851 eodem
499 796 586 851 ordine
604 800 688 867 putas,
707 802 734 851 et
750 795 858 863 Liviam,
874 813 930 865 quae
943 794 972 849 G.

181 872 287 939 cesari,
300 890 359 929 mox
371 874 458 929 Druso
474 878 555 945 nupta
571 874 658 938 fuerit,
671 891 702 927 ea
718 876 804 928 mente
819 877 933 927 acturam
944 875 974 926 ut

180 968 241 1005 enm
254 954 342 1023 equite
354 952 470 1007 Romano
483 957 604 1007 senescat.
641 951 699 1023 llgo
710 954 741 1005 ut
759 950 846 1016 sinam,
859 949 996 1007 credisned

181 1048 303 1099 passuros
316 1030 360 1100 qui
372 1030 476 1084 fratrem
494 1029 556 1101 ejus,
570 1029 614 1100 qui
629 1033 728 1099 patrem
743 1028 904 1099 majoresque
916 1045 973 1082 uos
992 1043 995 1049 ·

180 1111 244 1172 tros,
257 1107 285 1160 iu
302 1107 406 1161 summis
424 1107 535 1178 imperiis
547 1106 653 1161 videre?
670 1106 718 1160 Vis
732 1108 763 1159 tu
777 1104 879 1176 quidem
893 1104 995 1167 istum?

180 1184 250 1239 intra
266 1184 352 1239 locum
370 1185 474 1239 sistere:
494 1184 539 1239 sed
558 1184 594 1239 illi
611 1184 777 1255 magistratus
796 1187 822 1238 et
840 1183 971 1255 primores,

180 1262 225 1332 qui
240 1264 269 1317 te
286 1261 367 1316 invito
381 1266 548 1333 perrumpunt
565 1261 732 1332 omnibusque
748 1261 780 1315 de
795 1260 871 1316 rebus
883 1278 972 1315 cousu-

179 1338 245 1404 lunt,
254 1338 393 1394 excessisse
402 1339 455 1411 jam
466 1339 564 1411 pridem
573 1343 691 1410 equestre
702 1338 833 1409 fastigium
844 1338 970 1409 longeque
1013 1347 1016 1352 ⁴

180 1416 277 1471 mitisse
289 1417 370 1487 patris
386 1416 436 1472 mei
451 1416 574 1471 amicitias
590 1434 642 1471 non
660 1415 754 1471 occulti
769 1415 863 1479 ierunt,
876 1433 972 1486 perque

179 1494 302 1549 iuvidiam
313 1493 353 1549 tui
364 1512 404 1549 me
423 1509 523 1565 quoqne
538 1493 664 1548 incusant.
699 1494 737 1547 st
753 1492 820 1546 euim
835 1493 971 1564 Augustus

179 1570 257 1626 filiam
269 1588 342 1626 suam
354 1570 434 1642 equiti
445 1572 561 1626 Romano
573 1570 674 1625 tradere
685 1569 824 1624 meditatus
836 1573 884 1624 est.
920 1569 992 1625 Mis

178 1666 235 1703 rum
256 1646 379 1716 Hercule,
400 1648 422 1703 si
446 1666 503 1703 cum
523 1648 550 1702 in
570 1664 658 1703 omnes
681 1663 755 1702 curas
778 1646 969 1713 distraheretur,

179 1726 381 1798 inmensumque
394 1725 476 1781 attolli
487 1724 631 1798 provideret
643 1743 719 1796 quem
731 1724 908 1797 conjunctione
924 1724 971 1780 tali

179 1823 256 1875 super
280 1803 342 1859 alios
366 1803 507 1869 extulisset,
530 1801 558 1858 0.
571 1803 733 1858 Proculeium
753 1807 780 1858 et
801 1803 927 1874 quosdam.
942 1803 971 1858 iu

179 1881 337 1936 sermonibus
349 1881 447 1946 habuit,
460 1881 554 1952 insigni
565 1881 749 1950 tranquillitate
760 1881 827 1946 vite,
840 1880 917 1936 nullis
932 1879 970 1935 rei

177 1959 286 2030 publicae
297 1959 407 2030 negotiis
419 1957 565 2030 permixtos.
597 1957 648 2013 Sed
659 1957 847 2013 sidubitatioue
856 1958 991 2029 Augurstit

177 2055 316 2101 moremur,
338 2039 434 2107 quanto
453 2035 560 2090 validius
581 2038 621 2090 est
642 2034 711 2106 quod
729 2035 819 2090 Marco
839 2035 967 2106 Agrippa,

177 2132 237 2168 mox
248 2112 320 2182 mihi,
332 2113 484 2170 collocavit?
502 2113 589 2184 Atque
601 2129 650 2184 ego
661 2112 716 2167 bac
732 2130 778 2182 pro
795 2112 906 2166 amicitia
916 2131 968 2166 non
978 2118 1007 2164 lo

176 2191 316 2246 accubari:
329 2201 442 2247 ceterum
451 2209 533 2262 neque
544 2191 597 2245 tuis
608 2207 691 2261 neque
698 2189 779 2244 Livia
786 2188 918 2244 destinatis
926 2189 967 2244 ad-

175 2269 304 2324 versabor.
340 2269 401 2339 Ipse
413 2267 475 2340 quid
485 2268 555 2322 intra
566 2268 678 2322 smmum
688 2266 862 2331 salutaverim,
875 2265 969 2337 quibus
977 2272 1004 2320 ll

175 2343 259 2401 adhue
271 2343 500 2401 necessitudinibus
515 2345 657 2400 immiscere
667 2347 696 2398 te
710 2342 773 2397 mibi
788 2359 881 2414 parem,
894 2344 967 2398 omit

174 2427 229 2478 tam
242 2422 398 2494 adpraesens
410 2423 512 2478 referre.
548 2419 582 2476 Id
592 2424 694 2476 tantum
706 2420 824 2491 aperiam,
836 2420 900 2476 nihil
911 2439 967 2477 esse
976 2429 1006 2477 12

173 2505 228 2556 tarn
237 2499 366 2556 excelsum
379 2499 446 2572 quod
457 2519 509 2555 non
515 2499 625 2555 virtutes
635 2498 693 2552 istae
703 2500 816 2569 tuusque
824 2498 852 2552 iu
862 2517 903 2554 rue
915 2500 966 2555 ani-

174 2597 232 2634 mus
250 2581 412 2644 mereantur;
431 2577 540 2648 datoque
551 2580 667 2647 tempore
677 2574 717 2630 vel
734 2575 762 2630 in
777 2579 868 2631 senatu
883 2577 924 2633 vel
939 2577 967 2633 in

175 2657 296 2712 cendone
308 2671 360 2710 nou
371 2654 507 2711 reticeb0.”
544 2654 659 2709 Rursum
672 2653 786 2724 Sejanus,
799 2671 851 2708 non
864 2650 917 2725 jam
934 2655 965 2710 de
973 2654 1009 2709 41

174 2732 343 2798 matrimonio,
367 2731 414 2788 sed
438 2731 513 2787 allius
536 2735 661 2796 metuens,
682 2730 762 2785 tacita
785 2730 964 2802 suspicionum,

175 2811 243 2883 vulgi
262 2827 399 2875 rumorem,
415 2810 575 2880 ingruentem
590 2807 711 2863 invidiam
726 2807 883 2879 deprecatur.
925 2810 988 2863 Aca

175 2907 206 2943 ue
218 2887 334 2944 assiduos
346 2888 373 2942 in
385 2887 487 2942 domum
499 2891 580 2942 coetus
592 2885 700 2940 arcendo
711 2885 862 2955 infringeret
877 2887 966 2954 poten·

177 2967 245 3032 tiam,
256 2971 302 3021 aut
314 2964 466 3037 receptando
478 2963 624 3020 isudtatem
633 2961 824 3018 criminantibus
833 2960 964 3031 preberet,
