2550 3500
177 426 195 461 A
216 422 234 459 n
251 422 292 469 ⁶⁸]
370 358 563 407 auuauruu
581 344 660 407 x‘rrr.
677 361 780 407 err-ea
917 360 964 408 em

176 478 312 548 improviso
335 478 426 535 afflicta
449 484 496 531 est.
532 476 600 531 Nam
624 477 695 549 ignes
718 478 787 531 terra
803 475 866 531 editi
882 476 987 542 villoso

176 572 244 619 auva,
265 555 331 609 vicos
349 554 441 625 passim
459 553 634 624 corripiebant,
651 554 848 623 ferebanturque
865 553 965 625 inipso

176 630 285 685 conditur
302 649 383 701 nuper
398 630 502 685 coloniae
519 630 616 685 ruoenia
652 631 743 701 Neque
760 631 877 702 extingui
894 636 987 701 pote-s

175 712 242 773 rant,
255 726 305 762 non
317 708 340 761 si
351 706 443 762 imbres
455 706 580 772 caderent,
589 726 641 761 nou
649 707 672 761 si
680 707 822 764 fluvialibus
835 708 906 778 aquis
918 714 963 762 aut

133 832 135 859 ‚
176 803 227 855 quo
251 784 299 839 alio
323 785 444 850 humore;
463 782 542 838 donee
564 782 649 854 inopia
665 784 768 839 remedii
785 789 812 839 et
829 785 868 838 ira
886 785 963 839 eladis

175 866 289 933 agrestes
306 862 407 932 quidam
425 860 521 915 eminus
538 879 598 915 saxa
610 862 702 933 jacere,
722 862 780 917 dein
793 862 963 917 residentibus

175 939 282 995 flammis
295 938 397 1009 propius
409 937 545 1008 suggressi,
553 938 607 992 ietu
618 938 724 993 fustium
736 939 842 1009 aliisque
854 938 964 994 verberi-

174 1016 223 1071 bus
240 1020 271 1070 ut
288 1016 354 1070 feras
371 1012 552 1071 absterrebant.
589 1015 722 1069 Postremo
735 1016 849 1085 tegmina
864 1016 986 1087 corpori?

175 1094 280 1165 derepta
291 1092 414 1164 injiciunt,
432 1095 526 1162 quanto
542 1093 622 1163 magis
638 1092 744 1163 prolana
754 1096 781 1146 et
792 1111 842 1147 usu
857 1094 961 1165 polluta,

174 1174 248 1225 tanto
260 1170 341 1241 magis
353 1186 504 1239 oppressura
515 1168 594 1239 ignes.

209 1246 307 1301 Eodem
325 1263 390 1300 anno
408 1244 568 1299 Ruminalem
586 1244 700 1299 arborem
723 1244 751 1299 in
773 1245 884 1311 eomitio,
906 1254 1008 1317 qnae58

174 1323 337 1394 octingentos
349 1326 376 1377 et
385 1320 552 1392 quadraginta
563 1326 622 1376 ante
631 1340 710 1383 annos
722 1322 797 1375 Remi
812 1322 962 1393 Romulique

174 1400 308 1455 infantiam
317 1402 423 1461 texerat,
436 1398 543 1452 mortuis
552 1398 686 1453 ramalibus
698 1404 724 1453 et
734 1404 862 1454 arescente
870 1403 962 1454 truueo

175 1476 329 1532 deminutam
346 1474 455 1547 prodigii
471 1474 527 1530 loeo
544 1474 659 1530 habitum
676 1479 724 1542 ost,
743 1475 821 1532 donee
839 1475 865 1530 iu
883 1494 962 1533 noros

174 1552 244 1609 fetus
256 1552 427 1609 revireseerat.
