2550 3500
277 360 324 409 350
606 362 725 410 TACITl

907 420 1065 471 [nunna

275 472 349 544 cujus
369 470 474 527 alterins
494 471 597 527 inscitia
615 492 718 529 rursum
741 475 895 545 peccaretur,
916 471 976 541 quia
1000 470 1067 525 Paeti

254 550 400 621 spignerat.
436 549 522 621 Igitur
537 550 605 604 irriti
621 552 795 617 remittuntur,
809 569 865 606 cnm
884 549 956 604 donis
970 552 1064 614 tamen,

276 626 344 682 nndc
355 644 413 697 spes
424 626 497 681 fieret
508 644 561 680 non
571 627 668 683 frustra
686 628 773 683 eadem
785 632 914 683 oraturum
927 626 1067 693 Tiridaten,

253 704 298 761 tsi
318 722 406 775 preces
424 703 479 775 ipse
498 704 635 760 attulisset.
673 706 802 777 Syriaque
823 704 940 760 executio
961 704 990 758 G.
1003 703 1064 767 Itio,

276 781 355 852 copie
368 780 488 835 militares
503 780 642 837 Corbuloni
658 783 803 853 permissae3
822 786 849 837 et
864 782 953 853 quinta
969 781 1067 836 damma

275 856 342 929 legio
365 857 473 912 ducente
496 857 580 913 Mario
604 860 679 915 Celso
703 878 717 915 e
740 860 872 914 Pannonia
895 858 993 930 adjecta
1015 861 1065 913 est.

253 934 401 990 osoribitur
411 934 546 990 tetrarchis
558 954 589 991 ac
603 937 705 1008 regibus
718 937 895 1008 proeiectisqne
911 942 937 991 et
948 954 1066 1007 procura-

275 1012 381 1077 toribus,
399 1014 426 1066 et
441 1011 486 1082 qui
500 1015 636 1083 pratorum
649 1014 768 1069 finitimas
780 1014 921 1085 provincias
934 1012 1064 1085 regebant,

273 1088 352 1160 jussis
372 1088 524 1145 Corbulonis
543 1089 665 1162 obseqni;
692 1092 720 1147 in
738 1096 839 1146 tantum
857 1091 939 1146 ferme
961 1090 1066 1145 modum

275 1170 351 1221 aucta
363 1169 499 1236 potestate,
516 1184 592 1238 quem
607 1168 717 1239 populus
734 1169 866 1224 Romanus
883 1168 930 1223 On.
943 1168 1066 1239 Pompeio

254 1242 368 1298 lbellnm
375 1243 515 1299 Piraticnm
526 1248 631 1315 gestulm
644 1245 754 1301 dederat.
791 1247 947 1318 Regressnm
956 1246 1064 1311 Fatum,

275 1338 334 1375 cum
353 1320 470 1393 graviora
487 1327 620 1388 metueret,
635 1322 734 1379 facetiis
753 1323 872 1379 insectari
893 1323 955 1378 satis
975 1322 1065 1377 habuit

276 1396 368 1464 Cesar,
386 1398 427 1453 his
443 1398 524 1453 ferme
541 1399 632 1465 verbis,
651 1400 782 1471 ignoscere
799 1420 827 1456 se
845 1400 941 1469 statim,
958 1418 991 1455 ne
1010 1403 1066 1455 tam

274 1479 408 1547 promptus
419 1475 448 1530 in
458 1492 578 1546 pavorem
595 1476 709 1547 longiore
725 1478 894 1533 sollicitudine
906 1481 1064 1549 oegresceret.

232 1553 269 1611 26
275 1554 312 1607 At
324 1552 433 1609 (lorbnlo
445 1556 536 1623 quarta
550 1555 577 1608 et
589 1552 737 1609 duodecima
749 1554 898 1627 legionibus,
911 1574 967 1625 quae
979 1554 1066 1608 fortis·

275 1630 340 1685 simo
351 1648 452 1701 quoqne
466 1629 558 1684 amnsc
574 1634 601 1685 et
612 1632 704 1686 ceteris
723 1632 851 1687 exterritis
867 1650 956 1704 parum
967 1630 1064 1686 habiles

275 1706 361 1778 prelio
376 1706 534 1773 ridebantur,
547 1706 575 1762 in
587 1708 686 1780 Syriam
701 1708 837 1777 translatis,
851 1714 947 1766 sextam
959 1708 1018 1765 inde
1034 1726 1065 1765 ac

275 1784 378 1839 tertam
391 1784 512 1854 legiones,
527 1785 656 1856 integrum
673 1787 778 1842 militem
794 1792 820 1843 et
835 1787 929 1842 crebris
946 1805 976 1842 ac
992 1803 1065 1858 pros-

254 1861 344 1933 2peris
355 1861 482 1916 laboribus
500 1863 648 1929 exercitum,
661 1864 688 1918 in
706 1865 851 1920 Armeniam
870 1864 948 1920 ducit.
984 1863 1066 1919 Addi-

276 1938 365 2010 ditquc
376 1938 502 2008 legionem
513 1939 635 2010 quintam
646 1959 702 2012 quae
713 1961 759 2014 per
766 1943 877 1998 Pontum
887 1960 964 2013 agens
974 1959 1065 2012 expers

275 2016 354 2072 cledis
365 2015 457 2082 inerat,
467 2015 542 2072 simul
554 2017 786 2088 quintadecimanos
794 2037 882 2076 recens
894 2019 1024 2084 adductos,
1037 2023 1066 2074 et

275 2094 367 2149 vexilla
391 2093 548 2150 delectorum
570 2113 603 2150 cx
625 2095 728 2168 Illyrico
751 2101 778 2152 et
801 2098 922 2169 AEgppto,
947 2096 1065 2168 quodque

276 2171 372 2226 alarum
388 2171 587 2243 cohortiumque,
603 2175 630 2228 et
647 2173 741 2228 auxilia
757 2193 847 2246 regum
864 2174 891 2230 in
908 2191 988 2228 unum
1005 2191 1067 2228 con-

276 2248 354 2304 ducta
371 2248 438 2319 apud
453 2249 602 2315 Melitenen,
615 2268 666 2321 qua
679 2251 821 2306 tramittere
832 2251 981 2322 Euphraten
992 2269 1067 2322 para-

254 2324 328 2381 abac,
357 2326 422 2380 lbnn
432 2325 569 2382 lustratum
577 2327 627 2383 rite
635 2328 773 2384 exercitum
784 2328 816 2384 ad
825 2329 970 2384 concionem
980 2333 1064 2395 vocat,

277 2401 424 2473 orditurque
435 2403 568 2475 magnifica
578 2403 611 2459 de
624 2405 742 2476 auspiciis
756 2405 923 2476 imperatoriis
939 2405 1066 2476 rebusque

277 2497 332 2534 asc
343 2479 431 2550 gestis,
450 2478 556 2536 adversa
571 2481 600 2536 in
616 2481 742 2536 inscitiam
760 2483 824 2538 Paeti
837 2482 971 2548 declinans,
984 2482 1067 2537 multa

232 2556 436 2621 27anctoritcte,
446 2575 503 2627 qne
518 2558 573 2613 viro
587 2559 691 2613 militari
706 2577 752 2630 pro
767 2559 886 2614 facundia
902 2563 964 2614 erat.
1000 2559 1067 2614 Mox

276 2633 327 2688 itcr
342 2632 374 2688 L.
386 2632 495 2690 Lucullo
512 2635 638 2706 qnondam
656 2639 824 2707 penetratum,
840 2636 934 2708 apertis
950 2653 1007 2706 quea
1023 2655 1067 2692 vc·

276 2712 361 2766 tostos
373 2709 534 2781 obsepscrat,
544 2713 636 2784 pergit.
672 2713 708 2768 llt
719 2713 850 2768 venientes
857 2713 977 2768 Tiridatis
988 2712 1067 2768 Volo·

276 2786 394 2857 gesisqne
405 2785 438 2842 de
453 2805 515 2859 pace
530 2787 627 2859 legatos
644 2788 713 2844 haud
729 2794 885 2860 aspernatus,
905 2789 1022 2860 adjungit
1033 2790 1066 2845 iis

276 2863 437 2920 centuriones
454 2882 513 2920 cum
533 2865 658 2921 mandatis
679 2883 730 2921 non
748 2866 905 2923 immitibus:
929 2884 977 2922 nec
997 2867 1067 2922 enim

277 2937 359 2996 adhuc
379 2957 409 2996 eo
429 2944 534 2996 rentum
554 2946 585 2997 ut
605 2942 742 3000 certamine
763 2948 877 3000 extremo
899 2962 963 3016 opus
986 2947 1065 3000 essct.
