2550 3500
305 363 353 411 832
639 360 759 411 ruem}

944 426 1095 475 mnom

304 473 422 606 pplltelrat,
435 473 648 605 grptiorppursetus,
661 474 684 530 si
694 474 832 606 printeipern
843 474 966 607 socieppte
975 476 1104 608 scellepaum

303 569 481 623 osnngere,
505 570 530 605 m
607 570 663 622 eJus
681 570 745 606 mma
757 571 803 619 ur;
822 570 910 623 compe
936 571 1003 625 oque
1071 574 1102 609 u-

303 633 360 683 tum
377 633 404 683 et
416 628 510 699 Syllam
521 628 629 683 maxime
644 628 736 697 timeri,
752 628 873 684 Plautum
885 630 913 685 in
929 630 1025 695 Asiam,
1046 631 1103 701 Syl-

303 704 352 759 lam
365 706 393 760 in
404 705 510 760 Gallium
522 705 715 761 Narbonensem
727 724 809 777 nuper
822 711 927 774 amotos,
939 706 1104 762 nobilitatem

304 800 392 837 eorum
407 786 434 837 et
449 782 604 853 propinquos
619 782 679 837 huic
695 782 817 853 Orientis,
834 783 871 838 illi
888 784 1037 849 Germanis,
1057 802 1103 839 ex-

281 859 399 913 2ercitus
421 862 608 913 commemorat.
645 860 707 915 Non
730 878 765 925 se,
790 863 820 915 ut
841 860 961 925 Burrum,
983 859 1102 915 diversus

304 954 370 1007 spes,
389 934 434 990 sed
451 935 530 990 solem
547 936 746 991 incolumitatem
769 936 881 991 Neronis
905 940 1036 1007 spectare;
1057 938 1102 993 eui

304 1013 388 1068 caveri
398 1016 529 1085 utcunque
544 1012 576 1069 ub
592 1013 695 1069 urbanis
711 1013 811 1069 insidiis
828 1014 977 1085 proesentis:
998 1014 1102 1086 longin-
1137 984 1138 1057 l

279 1097 368 1160 tquos
390 1093 476 1145 motus
500 1108 608 1162 quonum
628 1090 704 1145 m'odo
724 1091 856 1163 comprimi
877 1092 971 1162 posse?
989 1090 1100 1147 Erectus

305 1166 399 1221 Gallias
422 1166 569 1222 adnomen
592 1167 761 1233 dictatorium,
785 1186 833 1223 nec
856 1168 940 1223 minus
963 1172 1099 1239 suspectos

279 1245 373 1301 susis
392 1245 498 1317 populos
518 1246 669 1301 claritudine
690 1246 730 1301 avi
750 1246 837 1301 Drusi
875 1246 969 1317 Syllam
987 1247 1097 1317 inopem,

303 1322 372 1378 unde
394 1323 548 1394 precipuam
569 1322 707 1389 audaciam,
729 1326 756 1379 et
777 1323 950 1379 simulatorem
971 1324 1096 1396 segnitie,
1137 1370 1138 1389 ff

280 1399 366 1456 edum
376 1400 516 1456 temeritati
526 1400 610 1455 locum
627 1401 757 1472 reperiret.
794 1401 915 1457 Plautum
930 1402 1030 1473 magnis
1044 1402 1098 1473 opi·
1137 1400 1138 1419 ³

304 1476 352 1533 bus
375 1496 408 1533 ne
431 1478 526 1550 fingere
550 1477 651 1549 quidem
672 1478 815 1549 cupidinem
835 1478 889 1544 otii,
914 1477 960 1533 sed
980 1482 1097 1533 veterum

304 1554 477 1611 Romanorum
489 1556 647 1611 imitamenta
658 1556 784 1627 preferre,
797 1558 928 1627 assumpta
939 1556 1018 1611 etiam
1031 1557 1097 1611 Stoi·

304 1649 392 1687 comm
404 1633 548 1705 arrogantie
559 1637 685 1703 sectuque,
705 1651 761 1703 quae
772 1632 889 1688 turbidos
901 1635 927 1687 et
936 1632 1097 1704 negotiorum

279 1715 453 1782 6appeteutes
470 1711 554 1767 faciat.
590 1712 647 1768 Neo
664 1711 733 1767 ultra
749 1730 828 1768 mora.
865 1710 941 1784 Syllo,
958 1715 1033 1768 sexto
1057 1712 1096 1768 die

304 1789 429 1858 pervectis
445 1789 587 1844 Massiliam
603 1789 802 1860 percussoribus,
822 1793 881 1844 ante
898 1793 996 1844 metum
1012 1795 1040 1844 et
1056 1809 1097 1844 ru-

304 1882 399 1918 morem
416 1864 574 1931 interfioitur,
593 1883 652 1921 cum
676 1865 794 1937 epulandi
818 1884 895 1921 causa
918 1865 1095 1922 discumberet.

304 1939 425 1995 Relatum
442 1946 519 2012 ceput
536 1942 591 2014 ejus
608 1943 689 1998 illusit
707 1943 778 1998 Nero
799 1947 920 2014 tanquam
944 1947 1096 2013 praemature

257 2027 295 2082 58
305 2018 396 2072 canitie
420 2017 538 2073 deforme.
582 2019 676 2074 Plauto
699 2019 783 2091 parari
805 2039 894 2075 necem
917 2037 970 2074 non
992 2021 1096 2091 perinde

304 2095 431 2151 occultum
448 2095 506 2162 fuit,
525 2096 585 2167 quio
601 2096 717 2168 pluribus
735 2096 803 2152 salus
821 2097 876 2167 ejus
894 2096 1047 2164 curabatur3
1071 2101 1096 2152 et

304 2174 415 2244 epatium
430 2172 528 2228 itineris
544 2192 575 2228 ec
589 2174 675 2239 maris,
692 2178 844 2245 tempusque
859 2173 1031 2244 interjectum,
1045 2193 1096 2228 mo-

303 2256 375 2304 verat
390 2250 498 2317 femam3
516 2250 643 2322 vulgoque
660 2250 790 2322 lingebant
806 2251 916 2322 petitum
935 2249 966 2305 ab
986 2268 1017 2306 eo
1036 2251 1095 2306 Cor·

303 2326 429 2395 hutonem,
441 2328 539 2400 magnis
555 2332 612 2382 tum
627 2327 781 2384 exercitibus
797 2327 973 2399 presidentem
987 2331 1021 2392 et,
1036 2327 1095 2383 cleri

303 2407 381 2474 atque
398 2405 511 2460 insontes
528 2405 573 2476 †si
590 2405 800 2470 interficerentm,
819 2405 975 2476 precipuum
997 2404 1031 2459 ud
1053 2423 1094 2476 pe-

279 2482 391 2537 sriculu
427 2484 498 2542 Quin
521 2487 548 2538 et
571 2483 660 2538 Asiam
680 2483 766 2538 favore
780 2483 883 2553 juvenis
902 2501 972 2538 arma
989 2482 1092 2554 cepisse,

302 2577 350 2614 nec
375 2559 467 2614 milites
485 2560 518 2614 ad
535 2560 618 2616 scelus
635 2561 726 2616 missos
745 2566 790 2614 aut
807 2578 913 2616 numero
931 2558 1027 2614 validos
1050 2563 1093 2614 aut
1137 2575 1138 2620 l

302 2636 387 2691 animo
404 2641 542 2708 promptos,
560 2642 695 2709 postquam
710 2637 783 2708 jussa
806 2638 902 2693 efficere
925 2637 1090 2706 nequiverint,

277 2713 335 2777 sad
353 2731 411 2784 spes
428 2733 505 2768 novas
523 2715 652 2769 transisse.
688 2714 763 2770 Vana
780 2715 841 2780 hac,
858 2731 927 2770 more
943 2713 1023 2778 fame,
1043 2732 1092 2768 cre·

301 2790 416 2845 dentium
434 2791 487 2846 otio
505 2791 678 2862 angebantur3
697 2796 810 2847 ceterum
827 2791 933 2846 libertus
951 2790 1038 2846 Plauti
1054 2809 1090 2845 ce-

300 2864 402 2922 leritate
419 2872 554 2922 ventorum
573 2869 696 2940 prevenit
720 2863 901 2933 centurionem,
926 2871 953 2922 et
976 2866 1091 2922 mundate
1137 2843 1138 2906 l

300 2944 334 3000 n.
346 2945 454 3000 Antistii
477 2946 558 3001 soceri
581 2946 684 3001 attulit:
703 2947 827 3018 effugeret
848 2963 953 3018 segnem
975 2947 1088 3010 mortem,
