2550 3500
295 346 343 395 too
625 344 745 397 ΤΑΟΙΤΙ

923 409 956 458 [Α.
966 406 1079 450 u.o.a1a

294 456 476 523 observatione,
488 456 609 529 signatas.
644 457 769 514 Pecuniae
781 458 808 513 et
818 457 949 515 libertates
961 460 1041 514 servm
1053 463 1082 514 et

295 540 355 590 ante
366 535 433 590 dono
444 534 523 601 rictas,
542 534 588 590 scd
602 534 660 590 ideo
671 539 733 591 tunc
748 535 853 608 largius,
871 536 930 608 quia
945 537 1019 593 tenui
1027 536 1082 607 jam

295 630 324 667 re
334 612 451 668 iansilinri
462 616 490 667 et
500 612 654 668 instantibus
669 612 836 669 creditoribus
854 616 1007 669 testamento
1019 613 1083 669 diffi-

272 689 375 745 edema
410 688 545 746 Enimvero
560 689 679 745 liberales
690 708 790 761 semper
805 690 893 762 epulas
908 691 1042 755 struxisse,
1054 695 1082 747 et

294 768 375 823 vitam
396 784 520 822 amoenam
541 769 569 822 et
588 766 659 823 duris
679 766 808 839 jndicibus
831 786 921 839 parum
940 768 1081 841 probatam.

272 844 419 900 6Pomcnta
434 843 580 901 vulneribus
598 844 669 899 nollo
685 844 760 917 jussu
778 862 833 911 suo,
854 844 900 900 sed
919 845 978 917 quia
997 850 1082 901 cetera

294 922 377 993 palam
387 940 452 982 vana
462 920 603 993 objecisset,
616 921 753 994 adjungere
764 922 867 988 odmen,
879 926 910 977 ut
919 941 975 978 sese
986 924 1083 994 pariter

273 999 402 1064 7indiocm
412 1002 439 1053 et
450 1002 544 1055 testem
553 999 657 1055 moeret.
693 998 788 1072 Adjicit
806 999 882 1055 dictis
892 1000 1061 1055 constentiam
1070 1023 1079 1067 ;

292 1077 394 1133 inemo
404 1076 473 1131 ultro
489 1076 659 1133 intestabilem
670 1079 697 1131 et
709 1076 914 1143 consceleratum,
926 1081 1001 1133 tanta
1011 1078 1082 1133 vocis

293 1172 324 1210 ac
334 1154 421 1211 voltus
432 1153 570 1209 securimte
586 1157 618 1209 ut
630 1152 728 1210 labaret
742 1154 871 1223 indicium,
883 1154 934 1210 nisi
945 1154 1081 1211 Milichum

292 1250 359 1287 uxor
369 1231 541 1287 admonuisset
556 1230 698 1287 munium
715 1231 834 1287 Natalem
848 1231 929 1287 multa
944 1249 1003 1287 cum
1016 1232 1082 1289 Sce-

293 1309 353 1364 rino
364 1326 394 1365 ac
405 1311 503 1364 secreta
520 1307 681 1373 collocutum,
694 1311 721 1363 et
733 1327 789 1365 esse
802 1312 926 1380 utrosque
937 1308 966 1365 0.
979 1308 1082 1365 Pisonis

248 1382 406 1442 56intimos.
440 1385 511 1457 mgo
528 1385 625 1441 accitur
642 1385 751 1451 Natalis,
770 1389 797 1441 ct
815 1384 909 1441 diversi
924 1386 1083 1457 interrogan-

292 1466 338 1519 tur
353 1462 502 1534 quisnnmis
522 1480 613 1528 sermo,
625 1480 676 1533 qua
691 1462 723 1517 de
743 1462 882 1519 sciuisset.
916 1462 1084 1519 'Ibmexorts

294 1541 412 1613 euspicio,
424 1540 486 1611 quin
495 1556 548 1595 non
555 1539 723 1611 congruentia
732 1539 933 1611 responderants
950 1539 1083 1611 inditaque

271 1618 383 1674 2rincln.
418 1618 454 1673 Et
461 1620 645 1673 tormentorum
653 1620 783 1688 aspectum
793 1635 823 1673 ac
832 1617 913 1673 minus
925 1635 978 1671 non
989 1616 1080 1673 tulere.

293 1695 368 1752 Prior
384 1698 471 1752 temen
487 1694 597 1760 Natalis,
608 1693 690 1750 totius
708 1692 900 1766 conspirationis
917 1694 1000 1766 magis
1019 1712 1083 1766 gna·

293 1791 345 1840 rus,
358 1773 433 1828 simul
444 1771 567 1843 arguendi
578 1771 690 1842 peritior,
703 1771 735 1826 de
746 1771 839 1828 Pisone
852 1771 961 1842 primum
973 1771 1079 1838 letetur,

294 1849 385 1906 deinde
407 1849 496 1920 adjicit
518 1849 645 1903 mum
668 1849 805 1916 Senecam
831 1849 885 1904 sive
907 1848 1082 1904 internuntius

215 1970 218 1976 .
293 1927 362 1984 iuter
384 1944 443 1981 cnm
460 1925 629 1995 Pisonemque
651 1924 708 1993 fuit,
729 1926 783 1982 sive
802 1930 833 1980 ut
847 1925 958 1981 Neronis
973 1925 1084 1998 gratiam

294 2010 403 2080 pararet,
416 2006 460 2078 qni
470 2005 585 2061 miensus
600 2006 702 2062 Senccae
716 2025 803 2064 omncs
819 2007 852 2062 ad
867 2026 926 2062 enm
940 2007 1085 2079 opprimen-

272 2084 356 2140 tium
373 2088 441 2140 artes
458 2082 631 2154 conquirebat.
667 2084 732 2138 ibim
750 2085 852 2156 cognito
870 2084 970 2140 Natalis
989 2084 1084 2140 indicio

296 2163 425 2219 Scoevinns
448 2179 556 2233 quoque,
579 2161 635 2229 puri
657 2161 837 2228 imbecillitate,
861 2180 895 2216 an
917 2166 1009 2218 cuncta
1028 2163 1084 2234 jam

279 2273 283 2282 ·
294 2241 422 2311 patefacta
433 2239 539 2294 credam
549 2255 597 2293 nec
607 2237 689 2292 ubam
704 2238 799 2294 silentii
810 2239 1016 2304 emolumentum,
1029 2239 1084 2295 edi·

272 2317 334 2372 4dit
345 2321 451 2372 eeteros.
469 2315 512 2370 Ex
524 2315 616 2386 quibus
625 2314 746 2370 Lucanus
756 2315 959 2387 Quintianusque
970 2319 997 2371 et
1005 2317 1084 2372 Sene·

294 2395 334 2450 cio
343 2393 518 2450 dinabnuere:
536 2399 595 2464 post
603 2392 728 2464 promissa
738 2393 890 2465 impunitate
901 2393 1021 2465 corrupti,
1032 2411 1084 2464 qno

227 2532 230 2537 ⁴
294 2471 442 2526 miditatem
452 2474 611 2535 excusarent,
627 2470 748 2526 Lucanus
770 2470 874 2526 Atillam
883 2473 990 2526 matrem
1002 2489 1083 2537 suam,

294 2548 450 2608 Quintianus
462 2547 568 2603 Glitium
579 2546 687 2613 Gallum,
696 2547 800 2604 Senecio
812 2549 924 2604 Annium
936 2547 1084 2617 Pollionem,

249 2625 765 2696 57amicommpraeeipuosnomiucrcrc.
800 2627 888 2698 Atque
897 2625 999 2682 interim
1011 2624 1085 2681 Nero

294 2701 442 2758 recordatus
458 2701 559 2758 Volusii
574 2701 678 2757 Proculi
694 2700 787 2758 indicio
809 2702 948 2774 Epicharin
970 2701 1083 2768 attineri,

294 2785 416 2850 ratusque
433 2778 555 2834 muliebre
571 2797 664 2850 eorpus
682 2778 763 2850 impar
780 2779 869 2846 dolori
887 2779 1021 2835 tormentis
1045 2778 1086 2834 di-

273 2856 399 2915 aberni
412 2855 494 2927 jubet.
528 2856 650 2912 Atilium
667 2873 719 2910 non
734 2857 847 2924 verbera,
864 2875 916 2912 non
933 2856 1013 2928 ignes¹
1030 2873 1086 2912 non

294 2932 334 2989 ira
352 2950 384 2990 eo
401 2933 484 2989 conus
503 2933 677 3004 torquentium
694 2950 727 2989 ne
746 2951 762 2989 a
780 2934 874 2991 femina
892 2933 1083 3006 spernerentur,
