2550 3500
273 364 321 413 264
607 361 726 413 ΤΑοΙΤΙ

849 428 884 476 [ι.
894 429 921 467 ιι.
931 429 953 467 o.
963 429 1008 476 sos,
1016 428 1063 470 aar.

1115 248 1127 302 ll

273 500 323 555 que
341 482 409 537 inter
420 484 542 553 ‘posteros
561 482 617 553 ejus
638 484 761 539 celebrem
781 483 876 539 fuisse:
895 486 996 539 nomina
1012 487 1067 540 sin·
1129 517 1130 534 ι

274 560 389 630 gulorum
402 560 521 623 referens,
530 562 557 613 et
569 560 662 629 quibus
669 562 776 632 quisque
787 562 905 617 aetatibus
913 563 1065 632 viguissent.

251 636 346 695 2an
368 636 444 691 etiam
468 634 532 689 dixit
557 635 759 709 Xenophontem,
783 639 859 709 cujus
880 639 988 693 scientia
1008 639 1067 709 ipse

274 717 397 779 uteretur,
411 713 498 769 eadem
516 712 610 770 farnilia
625 721 728 780 ortum;
746 717 912 787 precibusque
929 717 986 788 ejus
1003 716 1067 771 dan-

275 792 343 858 dum,
355 798 386 849 ut
398 794 466 849 omni
477 794 575 850 tributo
588 795 661 850 uacui
676 796 704 850 in
717 800 846 867 postemm
863 793 911 849 Coi
926 812 1024 849 sacram
1039 797 1068 848 et

253 880 267 926 3
276 873 375 925 tantum
388 871 429 925 dci
439 872 581 927 ministram
592 872 701 927 insulam
710 873 829 928 colerent.
860 871 952 941 Neque
958 870 1068 925 dubium

275 947 383 1003 hebetur
394 948 475 1003 mults
486 948 622 1005 eorundem
634 949 662 1004 in
676 949 797 1021 populum
813 948 957 1003 Romanum
973 948 1069 1003 merita

252 1024 406 1097 tacciasque
417 1025 535 1081 victorias
547 1027 661 1098 potuisse
676 1026 751 1081 tradi
789 1024 840 1081 Sed
856 1024 986 1089 Claudius,
1005 1024 1069 1079 faci·

275 1102 349 1157 litate
368 1102 443 1157 solita
465 1103 533 1174 quod
551 1104 597 1160 uui
615 1106 783 1169 conomsmat,
807 1102 886 1157 nullis
907 1103 1067 1157 extrinsecus

277 1178 430 1249 adjumentis
442 1180 542 1237 velant.

231 1265 274 1321 62'
312 1258 349 1311 At
361 1257 491 1327 Byzantiis
504 1257 565 1313 data
574 1257 676 1313 dicendi
691 1258 770 1329 eopia,¹
790 1276 849 1312 cum
864 1255 1068 1329 magnitudinem

277 1352 381 1388 onerum
393 1334 460 1405 apud
472 1340 588 1391 senatum
600 1335 803 1407 deprecarentur,
811 1338 904 1389 cuncta
914 1333 1066 1405 repetivere,

277 1411 329 1465 orsi
344 1429 360 1465 a
374 1410 468 1467 foedere
486 1412 554 1483 quod
572 1412 704 1468 nobiscum
719 1412 823 1477 icerant,
842 1429 893 1482 qua
912 1413 1068 1481 tempestate

277 1486 424 1544 bellavimus
444 1488 562 1545 adversus
586 1506 672 1561 regem
695 1487 872 1553 Macedonum,
896 1488 946 1553 oui,
969 1491 1001 1541 ιιι
1024 1486 1067 1541 de·
1138 1495 1141 1540 ’.

255 1566 373 1638 2genen‘,
394 1568 599 1638 Pseudophilippi
614 1566 764 1621 vocabulum
780 1566 934 1636 impositum.
970 1564 1068 1619 Missas

279 1644 384 1715 posthac
404 1644 488 1715 copias
508 1645 535 1699 in
549 1644 711 1711 Antiochum,
725 1643 828 1710 Persen,
840 1641 1021 1707 Aristonicum,
1034 1644 1066 1696 et

279 1720 385 1792 piratico
397 1720 462 1777 bello
479 1720 595 1792 adjutum
612 1721 753 1777 Antonium
764 1720 943 1786 memombunt,
960 1736 1069 1791 qumque

281 1799 355 1868 Syllae
374 1801 418 1852 aut
438 1798 546 1854 Lucullo
567 1802 612 1854 aut
632 1798 754 1869 Pompeio
773 1797 933 1862 obtulissent,
950 1815 1011 1852 mox
1028 1815 1069 1852 re-

280 1875 364 1930 centia
383 1875 411 1930 in
430 1875 542 1930 Cesarea
562 1875 661 1941 merita,
683 1874 783 1947 quaudo
803 1893 834 1930 ea
850 1875 907 1931 loca
928 1874 1070 1930 insiderent

281 1971 337 2022 quae
360 1952 574 2007 transmeantibus
597 1957 667 2007 terra
689 1953 803 2023 marique
826 1951 934 2007 ducibus
954 1952 1070 2008 exerciti·

281 2028 386 2100 busque,
406 2029 482 2084 sirnul
505 2029 617 2085 vehendo
637 2034 786 2094 commeatu,
810 2033 954 2100 opportuna
975 2029 1069 2084 forent.

235 2114 273 2168 63
282 2107 399 2178 Namque
417 2107 556 2162 arctissimo
574 2107 641 2162 iuter
658 2108 786 2178 Europam
803 2107 941 2176 Asiamque
959 2105 1075 2162 divortio.

282 2183 433 2256 Byzantium
453 2184 480 2239 in
500 2187 613 2239 extrema
628 2185 732 2255 Europa
748 2201 856 2255 posuere
871 2183 961 2249 Gracci,
976 2182 1070 2254 quibus

282 2261 404 2332 Pythium
416 2261 558 2333 Apollinem
570 2261 761 2317 consulentibus
772 2261 816 2316 ubi
824 2259 962 2316 conderent
972 2261 1071 2329 urbem,

283 2337 410 2393 redditum
421 2339 550 2394 oraculum
562 2343 608 2407 est,
617 2343 758 2410 quaererent
769 2337 854 2393 sedem
862 2355 986 2394 meorum
994 2339 1071 2394 terris

260 2414 421 2470 tadversam.
448 2416 488 2472 Ea
499 2417 603 2488 ambage
612 2415 774 2472 Obaloedonii
781 2415 987 2470 monstrabantur
986 2416 1072 2487 ,quod

284 2493 380 2562 priores
398 2492 457 2548 illuc
475 2493 580 2560 advecti,
599 2493 706 2564 praevisa
722 2493 835 2549 locorum
848 2493 968 2558 utilitate,
985 2495 1072 2566 pejora

284 2569 415 2641 legissent
458 2570 564 2660 Quippe
587 2570 740 2642 Byzantium
763 2569 842 2625 fertili
870 2569 932 2636 solo,
963 2570 1072 2626 fecundo

285 2647 356 2712 mari,
369 2646 429 2716 quia
439 2646 478 2700 vis
495 2647 602 2718 piscium
617 2647 746 2736 inmensa
765 2648 875 2706 Pontum
893 2665 1029 2718 erumpens
1044 2653 1073 2704 et

286 2723 394 2794 obliquis
413 2722 472 2777 subt
461 2727 500 2777 ter
518 2723 599 2778 undas
620 2723 688 2778 saris
709 2726 838 2790 exterrita,
857 2723 949 2779 omisso
967 2724 1071 2780 alterius

261 2801 367 2858 clitoris
379 2801 447 2855 tlexu
458 2799 504 2854 hos
517 2799 548 2854 ad
560 2805 649 2871 portus
661 2800 781 2856 defertur.
818 2801 894 2858 Unde
909 2801 992 2872 primo
1006 2821 1072 2874 quaa

285 2879 367 2933 stuosi
382 2883 409 2932 et
425 2877 553 2948 opulenti;
571 2881 637 2948 post,
651 2878 825 2948 magnitudine
837 2897 940 2934 onerum
952 2885 1070 2948 urgente,

285 2953 359 3010 linem
372 2958 416 3009 aut
427 2952 529 3008 modum
541 2951 654 3021 orabant,
663 2954 794 3012 annitente
804 2956 924 3028 principe,
933 2956 979 3027 qui
986 2957 1072 3012 Thre-
