2550 3500
268 323 312 371 122
598 320 718 370 ulem

898 384 933 434 [Δ.
941 385 996 425 U.(t.
1006 383 1053 429 776.

241 432 366 489 sabolitae
383 433 534 489 securiorem
549 434 637 489 luxum
655 434 745 489 fecere.
781 434 850 489 Nam
865 435 888 489 si
904 435 965 489 vebs
983 434 1055 504 quod

267 511 379 565 nondum
390 511 497 565 vetitum
509 514 556 575 est,
573 511 664 565 timeas
675 530 708 565 ne
719 515 820 567 vetere:
839 516 866 566 at
884 512 908 566 si
922 512 1054 583 prohibita

266 588 368 659 impune
383 584 575 654 transcenderis,
591 606 673 658 neque
691 592 774 643 metus
789 588 858 643 ultra
872 607 955 659 neque
970 588 1056 659 pudor
1143 617 1144 634 r

244 669 314 720 test.
351 664 403 718 Cur
415 681 475 734 ergo
485 663 544 717 olim
553 664 705 735 parsimonia
713 664 841 736 pollebat?
860 666 920 736 quia
927 664 975 719 sibi
983 665 1055 735 quis-

268 760 317 813 que
333 740 517 805 moderabatur,
538 741 598 812 quia
614 742 691 796 unius
708 742 778 797 urbis
796 742 863 797 cives
880 760 995 808 eramus,
1019 760 1054 797 ne

267 820 425 875 irritamenta
439 816 539 888 quidem
555 818 642 873 eadem
658 820 726 874 intra
741 819 842 875 Italiam
857 818 1054 874 dominantibus.

268 894 387 951 Externis
399 894 511 949 victoriis
528 894 615 961 aliena,
629 896 744 951 civilibus
759 896 836 951 ctiam
852 900 946 962 nostra,
964 913 1055 951 oonsu-

132 1028 134 1035 ,
244 985 336 1031 tmere
354 970 494 1027 didicimus.
531 972 690 1032 Quantulum
707 972 778 1028 istud
795 976 835 1027 est
853 972 884 1028 de
902 991 952 1044 quo
967 972 1055 1028 ediles

268 1049 418 1105 admouent!
438 1068 520 1121 quam,
534 1048 556 1104 si
568 1054 653 1105 cetera
664 1050 790 1121 respicias,
799 1049 826 1104 in
835 1050 885 1105 levi
893 1050 1053 1105 habendum!

268 1131 295 1182 at
307 1126 420 1182 Hercule
431 1144 505 1181 nemo
513 1126 592 1181 refert
602 1126 670 1197 quod
678 1126 754 1181 Italia
762 1131 873 1183 externa
882 1127 937 1198 opis
946 1126 1054 1198 indiget,

269 1203 337 1273 quod
348 1203 402 1258 vita
413 1203 500 1274 populi
511 1204 620 1258 Romani
632 1222 678 1275 per
689 1203 786 1258 incerta
796 1204 873 1258 maris
885 1208 1055 1274 attempesta-

245 1284 324 1336 tcum
341 1280 454 1351 quotidie
469 1279 586 1335 volvitur.
622 1282 662 1335 Ac
675 1281 725 1335 nisi
740 1280 926 1352 provinciarum
937 1280 1014 1351 copia
1027 1285 1056 1335 et

269 1357 376 1413 dominis
399 1361 426 1413 et
449 1358 559 1412 servitiis
582 1361 609 1412 et
627 1358 694 1429 agris
712 1358 883 1424 subvenerint,
901 1361 990 1413 nostra
1006 1375 1055 1413 nos

245 1442 260 1487 8
270 1435 365 1490 scilicet
376 1453 478 1489 nemora
489 1439 631 1505 nostraeque
643 1434 709 1490 villa
723 1435 871 1491 tuebuntur.
907 1435 993 1501 Hauc,
1005 1434 1055 1489 Pa-

268 1516 322 1566 tres
340 1511 490 1583 conscripti,
510 1530 596 1567 curam
613 1512 723 1567 sustinet
741 1512 857 1583 princeps
865 1534 874 1578 ;
892 1511 946 1567 hseo
961 1511 1057 1567 cumea

245 1588 384 1643 9lunditus
396 1588 587 1660 rempublicam
602 1588 695 1645 trahet.
729 1589 845 1661 Reliquis
860 1589 929 1643 intra
944 1589 1057 1643 animum

269 1665 419 1721 medendum
431 1671 485 1721 est:
503 1684 551 1721 nos
562 1665 652 1736 pudor,
664 1685 788 1738 pauperes
804 1666 950 1731 necessitas,
963 1666 1057 1720 divites

231 1743 354 1809 losatiaa
371 1743 398 1798 in
415 1743 504 1798 melius
521 1748 611 1798 mutet.
647 1745 702 1799 Aut
718 1744 741 1799 si
752 1745 808 1816 quis
819 1764 852 1800 ex
863 1743 1057 1816 magistratibus

269 1825 366 1876 tantam
390 1820 538 1876 industriam
563 1839 592 1876 ac
616 1822 777 1877 severitatem
800 1822 935 1894 pollicetur
959 1825 990 1875 ut
1017 1821 1057 1876 ire

269 1898 369 1954 obviarn
380 1901 464 1968 queat,
477 1898 545 1953 luno
557 1915 604 1970 ego
616 1903 644 1954 et
655 1898 737 1964 laudo,
753 1904 780 1954 et
796 1899 928 1955 exonerari
942 1898 1058 1954 laborum

231 1985 259 2030 ll
270 1993 384 2030 meorum
395 1979 493 2047 partem
505 1975 593 2030 fateor.
631 1976 676 2030 Sin
689 1995 806 2032 accusare
813 1976 876 2032 vitia
883 1975 980 2042 volunt,
990 1975 1058 2044 dein,

270 2071 328 2108 curn
339 2051 445 2125 gloriam
457 2053 511 2124 ejus
523 2053 561 2107 rei
572 2052 659 2124 adepti
675 2058 744 2119 sunt,
762 2053 907 2109 simultates
919 2053 1015 2108 iaciunt
1027 2071 1058 2108 ac

269 2130 333 2185 mihi
347 2129 500 2201 relinquunt,
514 2129 616 2196 credite,
630 2131 721 2186 Patres
734 2131 886 2202 Conscripti,
899 2149 939 2186 me
956 2149 1059 2201 quoque

270 2225 389 2262 nonesse
412 2207 578 2262 offensionum
601 2207 718 2273 avidum
745 2227 808 2280 quas
831 2227 890 2263 cum
912 2226 1003 2279 graves
1030 2212 1059 2262 et

270 2285 418 2356 plerumque
429 2285 528 2356 iniquas
545 2303 592 2357 pro
609 2285 755 2356 republica
771 2286 914 2356 suscipiam,
931 2283 1018 2340 inanes
1030 2287 1059 2339 ct

271 2362 363 2428 irritas,
380 2380 462 2433 neque
473 2363 535 2418 mihi
551 2366 597 2418 aut
608 2362 680 2418 vobis
696 2363 756 2418 usui
770 2363 877 2428 suturas,
895 2362 953 2434 juro
970 2361 1059 2432 depre-

224 2438 340 2497 550013’
376 2439 478 2494 Auditis
496 2440 603 2495 Caesaris
619 2439 713 2494 litteris
736 2440 841 2494 murissa
863 2439 976 2494 sedilibus
999 2438 1059 2494 talis

272 2534 333 2572 cura
341 2538 349 2583 ;
367 2514 492 2588 luxusque
504 2535 603 2582 mensae,
617 2518 694 2572 atine
710 2517 812 2572 Actiaci
825 2516 884 2572 belli
895 2516 928 2572 ad
943 2535 973 2571 ea
989 2534 1061 2571 arma

272 2594 329 2666 quis
342 2593 443 2649 Servius
457 2595 537 2650 Galba
547 2613 632 2650 renum
641 2594 748 2665 adeptus
756 2598 803 2659 est,
813 2613 859 2666 per
867 2612 946 2649 anuos
955 2598 1061 2650 eentum

249 2671 382 2744 2profusis
394 2671 536 2742 sumptibus
553 2671 665 2736 exerciti,
680 2671 803 2742 paulatim
818 2671 956 2726 exolevere.
993 2671 1062 2726 Can·

273 2768 313 2806 sas
326 2749 381 2821 ejus
396 2748 544 2803 mutationis
560 2767 671 2818 quarere
687 2748 757 2803 libet.
794 2749 869 2803 Dites
885 2749 945 2803 olim
959 2747 1062 2804 familia

273 2827 401 2892 nobilium,
415 2831 460 2880 aut
472 2825 620 2881 claritudine
631 2825 753 2896 insignes,
768 2825 853 2880 studio
867 2825 1062 2896 magnificentias

249 2903 475 2978 apmubebmmr.
511 2902 579 2958 Naru
591 2901 736 2958 etiamtum
750 2902 857 2975 plebem,
871 2903 960 2968 socios,
973 2920 1062 2974 regna
