2550 3500
129 398 130 437 ,
210 429 325 480 mm
397 362 591 415 ANNALIUM
608 366 686 414 XIII.
704 367 806 415 89-42.
949 367 994 416 291

210 485 289 535 ratus.
325 475 393 534 Delu
415 481 553 550 postquam
573 478 746 549 exploratores
769 476 878 533 attulere
900 478 1019 550 longia-2

210 573 288 627 quum
305 556 373 628 regis
393 556 481 611 iteret
501 555 573 611 Medi
590 574 623 611 an
638 556 731 612 Albani
750 560 899 626 peterentur
915 556 996 612 incer

209 637 272 703 tum,
284 632 516 705 lneemopperitur3
534 634 713 711 praemissaque
723 633 786 689 levis
795 637 931 701 armatura,
940 652 996 705 qnae

208 729 296 766 muros
307 711 410 767 interim
424 709 530 765 ambiret
546 711 810 783 oppugnationemque
825 710 922 766 eminus
934 711 996 766 inci·

208 792 288 859 peret.
323 787 372 843 Sed
385 786 505 857 oppidani
515 787 596 857 portis
608 791 699 858 sponte
712 788 849 858 patefactis
861 806 889 843 sc
900 797 1018 860 suaque&

208 864 331 920 Romanis
343 864 487 936 permisere.
523 864 600 923 Quod
611 864 719 921 salutem
734 865 796 937 ipsis
807 864 868 920 tulit
875 888 883 933 ;
901 866 996 920 Artax-

208 942 257 997 atis
269 942 336 1014 iguis
348 942 483 1007 immissus,
499 940 630 1013 deletaque
642 946 669 997 et
681 942 735 997 solo
745 947 845 1014 arquata
855 947 925 1009 sunt,
936 943 997 1015 quia

207 1037 256 1075 nec
271 1019 354 1075 teneri
370 1019 424 1074 sine
441 1018 524 1073 rabdo
542 1019 658 1090 praesidio
673 1019 706 1075 ob
722 1020 922 1092 magnitudinem
935 1039 996 1076 moe-

207 1096 286 1163 nium,
298 1114 345 1151 nee
356 1095 383 1150 id
394 1095 466 1151 nobis
484 1096 574 1155 virium
591 1100 646 1151 eret
662 1096 730 1168 quod
740 1097 861 1153 firmando
878 1097 995 1168 praesidio

207 1177 235 1227 et
253 1172 407 1245 capessendo
424 1172 490 1228 bello
508 1172 679 1228 divideretur:
703 1174 744 1229 vel
761 1175 783 1229 si
798 1175 898 1247 integra
915 1179 941 1231 et
958 1176 996 1231 in·

207 1250 336 1305 custodita
352 1250 562 1321 relinquerentur,
575 1250 646 1305 nulla
660 1250 689 1305 in
699 1269 730 1306 eo
745 1251 844 1307 utilitas
858 1256 903 1307 aut
915 1252 996 1325 gloria

206 1325 276 1397 quod
287 1330 363 1396 capta
374 1330 466 1382 essent,
502 1326 630 1397 Adjicitur
645 1327 794 1383 miraculum
805 1329 875 1384 velut
892 1331 1017 1385 numinet

206 1402 336 1459 oblatum:
355 1422 413 1459 nam
428 1410 521 1459 cuncta
536 1408 618 1473 extra,
630 1404 707 1459 tectis
725 1412 809 1470 tenus,
821 1405 873 1461 sole
886 1406 995 1463 illustria

204 1480 292 1548 fuere3
311 1480 379 1552 qnod
390 1480 514 1536 moenibus
526 1480 683 1553 cingebatur,
695 1482 733 1536 ita
745 1486 850 1553 repente
861 1486 917 1538 atra
927 1484 994 1540 nnbe

205 1562 354 1629 coopertum
377 1557 571 1630 fulguribusque
594 1558 732 1613 discretum
755 1563 802 1625 est,
820 1563 851 1614 nt
869 1561 940 1631 qnasi
956 1561 993 1616 in·

204 1635 364 1692 semantibus
381 1634 435 1690 deis
452 1634 531 1690 exitio
543 1634 610 1691 tradi
625 1635 778 1691 crederetur.
815 1636 856 1691 Ob
869 1636 924 1693 boec
935 1648 1016 1694 con-5

203 1713 330 1770 salutatus
342 1714 479 1784 imperator
490 1712 568 1780 Nero',
582 1716 608 1768 et
626 1717 729 1770 senatus
741 1714 856 1770 consulto
868 1715 994 1786 supplica-

136 1840 139 1849 .
203 1791 286 1848 tiones
297 1791 404 1858 habitae;
419 1795 560 1863 statuaeqne
569 1797 595 1846 et
604 1809 678 1847 arcus
686 1796 713 1848 et
722 1793 836 1848 continui
847 1793 993 1849 consulatus

203 1869 319 1941 principi,
331 1872 412 1942 utque
428 1869 496 1924 inter
513 1870 593 1924 festos
610 1870 749 1926 referretur
760 1869 814 1926 dies
830 1889 880 1943 quo
892 1875 994 1941 patrate

134 1964 135 1974 ¹
203 1946 317 2012 victoria,
331 1965 381 2020 quo
397 1946 521 2013 nuntiata,
533 1965 583 2018 quo
598 1947 707 2002 relatum
722 1949 754 2004 de
767 1952 884 2016 enasset,
896 1949 994 2020 aliaque

203 2022 231 2078 in
247 2023 351 2078 eandem
367 2024 473 2078 formam
491 2022 678 2090 decernuntur;
696 2024 758 2080 adeo
774 2024 877 2080 modum
892 2044 995 2098 egressa

202 2103 233 2154 ut
255 2099 285 2154 C.
298 2099 407 2167 Cassius,
429 2099 460 2155 de
483 2101 574 2156 ceteris
598 2101 736 2157 honoribus
759 2121 885 2168 assensus,
904 2103 927 2158 si
947 2121 994 2174 pro

202 2176 362 2248 benignitate
384 2177 494 2232 fortune
518 2176 557 2232 dia
579 2182 665 2248 grates
688 2184 832 2248 agerentur,
853 2199 887 2235 ne
909 2183 994 2235 totum

202 2253 305 2327 quidem
328 2271 422 2308 aunum
448 2254 676 2324 supplicationibus
699 2257 814 2312 sufficere
837 2257 993 2327 disseruerit,

202 2349 283 2403 coque
301 2331 417 2401 oportere
438 2331 514 2386 dividi
536 2350 620 2387 sacros
643 2336 670 2387 et
693 2334 838 2404 negotiosos
855 2336 917 2402 dies,
936 2336 994 2408 quis

202 2409 288 2464 divina
299 2407 411 2463 colerent
423 2416 450 2463 et
461 2409 571 2465 bumana
581 2427 633 2464 non
644 2410 803 2481 impedirent.

235 2485 322 2540 Variis
346 2484 436 2540 deinde
459 2486 560 2542 casibus
581 2487 694 2558 jactatus
717 2492 744 2543 et
770 2488 908 2545 rnrdtornm
935 2490 1038 2552 odia42

201 2563 308 2620 meritus
319 2580 386 2628 rena,
396 2562 465 2617 baud
475 2569 561 2619 tamen
573 2564 627 2620 sine
635 2564 730 2620 insidia
739 2566 840 2623 Senecae
850 2566 991 2623 damnatur.

203 2641 230 2696 Is
247 2640 298 2694 fuit
316 2638 423 2694 Publius
442 2640 552 2710 Suillius,
569 2641 731 2714 imperitante
749 2643 855 2700 Claudio
872 2645 992 2701 terribilis

201 2736 231 2774 ac
242 2717 345 2782 venalis,
359 2722 385 2772 et
397 2718 538 2773 mutatione
549 2722 694 2790 temporum
702 2739 754 2776 non
763 2727 885 2794 quantum
897 2725 994 2780 inimici

202 2798 325 2866 cuperent
346 2793 479 2860 demissus,
501 2795 594 2868 quique
615 2815 643 2852 se
660 2805 793 2855 nocentem
812 2801 894 2856 rideri
917 2820 993 2872 quam

201 2873 342 2944 supplicem
361 2871 455 2928 mallet.
492 2871 555 2944 Ejus
576 2875 735 2944 opprimendi
755 2878 838 2949 gratia
854 2879 1015 2948 repetitum

201 2950 352 3008 credebatur
371 2954 476 3007 senatus
498 2951 641 3007 coasultum
666 2971 790 3026 prunaque
813 2955 906 3012 Cinciae
929 2955 993 3028 legis
