2550 3500
386 363 580 411 ANNALIUM
599 364 643 411 lv.
656 363 758 411 58-62.
927 362 972 409 169

183 423 345 485 nummi

179 475 291 547 juvenis,
310 492 448 529 eumenen
466 474 573 541 silentio,
591 494 624 531 cx
637 492 707 530 roos.
743 474 786 529 Ne
803 491 854 529 nox
871 471 997 543 quideme

182 570 280 617 secura,
295 570 353 606 cum
365 571 429 607 uxor
440 552 546 623 vigilias,
560 570 669 618 somnos,
682 552 791 623 suspiria
798 550 874 605 matri
885 550 972 617 Livia,

181 634 261 700 atque
285 629 329 683 illa
353 630 450 699 Sejen0,
476 630 646 700 patefaceret3
677 629 721 700 qui
745 629 849 682 fratrem
872 645 973 697 quoque

181 708 297 762 Neronis
310 708 423 761 Drusum
435 708 514 761 traxit
526 708 554 761 in
565 712 660 779 partes,
677 726 722 779 spe
737 706 837 778 objecta
852 706 973 777 principis

179 784 239 849 loci,
260 784 283 839 si
305 784 414 855 priorem
435 788 510 840 aetate
528 789 554 839 ct
569 786 622 856 jem
638 784 793 839 labefactum
811 783 971 838 demovisset.

179 865 268 917 Atrox
288 862 369 916 Drusi
387 862 523 933 ingenium,
546 882 622 933 super
643 862 787 933 cupidinem
804 861 925 933 potentiae
946 864 996 915 et5

179 940 259 995 solita
270 939 392 994 fratribus
405 939 468 1006 odia,
485 940 669 995 accendebatur
686 939 788 1004 invidia,
808 938 876 1010 quod
890 942 972 993 mater

177 1016 327 1088 Agrippina
341 1016 481 1087 promptior
499 1018 598 1073 Neroni
616 1021 679 1072 erat.
715 1018 807 1087 Neque
824 1020 910 1071 tamen
929 1016 996 1070 sao

175 1095 257 1165 janus
269 1093 308 1147 ita
318 1093 433 1147 Drusum
444 1092 545 1149 fovebat
556 1098 587 1149 ut
598 1113 650 1149 non
661 1094 689 1149 in
700 1113 758 1149 eum
770 1112 869 1163 qnoque
878 1092 974 1147 semina

176 1171 266 1226 futuri
277 1170 351 1224 exitii
362 1169 533 1239 meditaretur,
546 1190 641 1243 gnarm
655 1172 818 1243 praeferocem
833 1175 860 1225 et
874 1170 973 1225 insidiis

176 1248 265 1319 magis
278 1251 458 1318 opportunum.

214 1325 284 1379 Fine
304 1324 363 1378 anni
382 1342 513 1379 excessere
533 1325 646 1395 insigues
665 1324 714 1379 viri
729 1324 834 1379 Asinius
850 1324 971 1395 Agrippa,
983 1325 1020 1381 61

176 1401 258 1457 claris
270 1400 409 1471 majoribus
422 1419 497 1472 quam
509 1403 626 1471 vetustis,
638 1402 742 1472 vitaque
753 1420 806 1455 non
818 1400 934 1471 degener,
946 1405 973 1455 et
986 1411 989 1415 ’

176 1481 214 1540 Q.
230 1480 364 1545 Haterius,
378 1478 472 1533 familie
484 1480 618 1543 senatoria,
632 1479 791 1550 eloquentiae,
805 1477 890 1549 quoad
900 1478 973 1546 vixit,

176 1556 334 1612 celebratae:
354 1561 516 1612 monumenta
527 1556 622 1628 ingenii
634 1557 690 1628 ejus
707 1555 777 1610 haud
792 1554 896 1626 perinde
913 1555 974 1608 reti-

176 1638 286 1689 nentur.
324 1633 424 1689 Scilicet
445 1634 544 1705 impetu
566 1634 648 1705 magis
672 1652 749 1704 quam
769 1651 831 1689 cura
853 1631 997 1704 vigebat32

177 1716 264 1782 utque
277 1708 383 1766 aliorum
395 1710 526 1780 meditatio
539 1715 565 1766 et
581 1710 654 1766 labor
670 1711 698 1765 in
713 1713 845 1782 posterum
860 1709 972 1775 valescit,

179 1790 219 1843 sic
237 1789 342 1843 Haterii
353 1807 473 1844 cancrum
488 1789 552 1844 illud
567 1793 593 1844 et
605 1790 733 1860 profluens
750 1807 810 1845 curn
825 1789 882 1860 ipso
898 1787 974 1844 simul

179 1866 327 1921 extinctum
340 1870 387 1921 est.

217 1943 258 1997 M.
271 1943 378 2008 Licinio,
398 1943 430 1998 L.
444 1943 580 2014 Calpurnio
599 1943 746 1999 consulibus
761 1944 905 2015 ingentium
920 1943 972 1998 bel·
981 1946 1019 1997 62

177 2021 266 2075 lorum
279 2019 375 2074 cladem
382 2021 591 2091 aquavitmelum
598 2021 771 2092 improvisum.
798 2023 863 2090 Ejus
870 2021 972 2075 initium
980 2025 1043 2107 28¹3ss

179 2096 260 2152 simul
277 2102 303 2151 et
317 2097 373 2152 finis
392 2099 487 2153 extitit.
523 2099 592 2152 Nam
604 2102 687 2170 coepto
699 2098 766 2169 apud
785 2098 906 2152 Fidenam
923 2113 1066 2158 emnam.

178 2174 330 2245 phitheatro
348 2175 443 2229 Atilius
463 2175 564 2246 quidam
579 2175 693 2230 libertini
709 2175 817 2246 generis,
835 2192 885 2246 quo
904 2171 994 2244 speo2

179 2251 298 2306 taculum
326 2251 495 2322 gladiatorum
523 2252 670 2320 celebraret,
697 2271 779 2322 neque
808 2251 973 2306 fundamenta

179 2347 228 2400 per
252 2327 362 2382 solidum
385 2329 505 2394 subdidit,
530 2348 613 2401 neque
633 2330 713 2384 firmis
733 2329 842 2383 nexibus
863 2329 973 2400 ligneam

180 2423 332 2476 compagem
341 2407 523 2476 superstruxit3
542 2411 573 2460 ut
582 2407 626 2477 qui
634 2425 687 2460 non
698 2406 853 2460 abundantia
861 2407 973 2478 pecuniae

179 2501 229 2538 neo
248 2483 395 2554 municipali
414 2483 558 2550 ambitione,
581 2484 626 2539 sed
646 2485 675 2538 in
693 2483 795 2538 sordida
812 2483 928 2538 mercede
947 2483 974 2538 id

179 2559 316 2631 negotium
340 2561 506 2630 quaesivisset.
543 2561 672 2616 Affiuxere
692 2560 760 2615 avidi
778 2561 874 2626 talium,
896 2561 995 2631 impe-3

179 2637 278 2692 ritante
302 2636 404 2692 Tiberio
427 2638 516 2709 procul
538 2638 713 2710 voluptatibus
736 2637 825 2706 habiti,
848 2638 920 2693 virile
944 2657 974 2692 ac

180 2713 306 2768 muliebre
329 2732 410 2779 secus,
436 2715 517 2770 omnis
542 2720 613 2780 atas,
634 2715 667 2769 ob
688 2715 902 2786 propinquitatem
924 2714 974 2768 loci

181 2791 305 2856 effusius3
324 2791 392 2846 unde
404 2791 506 2862 gravior
521 2793 601 2863 pestis
618 2792 676 2858 fuit,
692 2792 806 2847 conferta
822 2792 895 2855 mole,
915 2790 974 2844 dein

181 2867 313 2936 convulsa,
332 2868 393 2924 dum
412 2869 465 2924 ruit
482 2869 553 2924 intus
574 2873 619 2924 aut
636 2870 665 2924 in
682 2870 810 2924 exteriora
826 2866 972 2930 effunditur,

182 2945 382 3017 immensamque
396 2947 448 3002 vim
466 2947 618 3014 mortalium,
639 2946 783 3020 spectaculo
799 2947 912 3000 intentos
928 2947 973 2997 aut

1106 2895 1147 3186 ,
