2550 3500
275 332 324 379 824
612 332 731 381 TACITI

274 441 452 513 Antoniusque
475 460 534 498 curn
557 445 653 499 ltutino
676 450 703 500 ct
726 443 845 499 Terentio
869 396 1075 515 lcgbAdIdrcndb'da

274 517 436 575 darnnantur.
471 521 623 576 Marcellum
642 523 764 577 memoria
787 522 912 593 majorum
931 530 958 579 et
979 544 1074 596 preces

227 595 264 650 41
276 595 383 651 Caesaris
395 616 475 668 poena
487 597 568 669 magis
579 616 657 667 qaam
673 599 782 655 infamiae
794 618 917 657 exemere.
954 602 1073 657 Perculit

274 672 297 727 ia
314 673 368 728 dies
386 674 536 745 Pompeium
552 693 653 747 quaqua
670 677 806 743 AElianum,
824 676 943 750 juvenem
961 683 1073 749 queste

274 750 348 815 num,
362 755 482 823 tanquam
491 752 645 824 flagitiorum
654 753 759 809 Fabiani
768 774 873 827 gnarum
883 778 891 822 ;
909 756 983 826 eique
993 756 1075 811 ltalia

251 831 301 883 2et
317 828 450 899 Hispania,
468 829 496 883 in
512 848 563 900 qna
577 833 650 884 ortus
668 835 732 901 erat,
749 831 913 887 interdictum
925 837 973 887 est.
1009 832 1075 888 Pari

274 904 412 975 ignominia
435 905 553 961 Valerius
577 908 700 963 Ponticus
720 909 836 975 afficitur,
861 908 930 979 quod
949 927 1015 974 reos,
1038 928 1074 965 ne

274 981 342 1052 apud
353 983 500 1054 prefectum
513 984 587 1041 urbia
603 990 779 1057 arguerentur,
797 985 830 1040 ad
845 990 980 1057 praetorem
998 985 1074 1041 dctu-

275 1061 354 1126 lissat,
368 1062 469 1117 interim
481 1063 565 1133 specie
576 1063 670 1134 legum,
679 1080 741 1117 mox
750 1062 937 1133 prevaricando
945 1062 1073 1118 ultionem

252 1139 400 1202 relaturus,
435 1140 548 1195 Additur
560 1144 664 1195 senatus
677 1140 802 1205 consulto,
822 1140 955 1211 quitatem
967 1158 1073 1211 operam

275 1217 438 1286 emptitisset
448 1216 643 1283 vendidissetve,
656 1216 761 1287 perinde
776 1236 851 1288 poena
862 1220 994 1273 teneretur
1006 1236 1037 1273 ac
1049 1216 1073 1273 ai

277 1293 378 1364 publico
387 1293 482 1365 judicio
494 1294 625 1350 calumniae
632 1295 823 1351 condemnatus.

229 1374 268 1428 42
311 1372 391 1427 Haud
402 1372 483 1428 multo
497 1378 556 1445 post
569 1374 719 1445 praefectum
732 1374 803 1430 urbis
819 1372 959 1429 Pedanium
975 1373 1072 1429 Secun-

277 1448 337 1503 dum
355 1468 444 1505 servus
462 1451 543 1522 ipsine
559 1452 696 1518 interiecit,
715 1470 761 1507 aen
776 1456 871 1523 negata
886 1450 1011 1515 libertate,
1029 1450 1072 1506 cui

277 1526 387 1598 pretium
398 1528 539 1599 pepigerat,
552 1529 606 1583 sire
618 1546 703 1584 amore
715 1528 809 1583 exoleti
824 1527 938 1583 inferrem
951 1531 978 1582 et
993 1526 1073 1581 donui-

253 1616 339 1663 2nnm
356 1604 475 1659 emulum
492 1623 544 1660 non
560 1604 680 1661 tolerans
717 1605 838 1661 Getarum
855 1623 914 1660 cum
931 1607 1018 1661 uetere
1039 1622 1071 1659 ex

277 1699 347 1736 more
363 1681 484 1736 familiam
501 1698 609 1748 omnem,
627 1700 685 1754 que
703 1682 751 1738 sub
769 1681 857 1737 eodem
870 1686 940 1737 tecto
953 1681 1071 1735 mansita-

277 1763 358 1825 verat,
366 1758 399 1812 ad
411 1759 562 1830 supplicium
574 1759 618 1830 agi
628 1764 766 1832 oporteret,
776 1778 903 1816 concursu
914 1758 1001 1830 plebis,
1014 1777 1070 1829 qna

278 1839 320 1890 tot
336 1835 453 1889 innoxios
470 1835 629 1906 protegebat,
647 1855 729 1907 usquc
746 1835 779 1892 ad
798 1836 948 1892 seditionem
965 1840 1070 1890 ventum

280 1916 336 1978 cst;
354 1917 494 1983 senatuque
506 1913 600 1982 inipso
613 1917 686 1967 erant
698 1913 784 1970 studia
792 1913 896 1970 nimiam
908 1913 1071 1968 severitatem
1127 1949 1128 1972 r

281 1990 477 2060 aspernantium,
502 1988 617 2060 pluribus
641 1990 705 2045 nihil
727 1989 878 2045 mutandum
901 1989 1069 2046 censentibus.

280 2067 322 2122 Er
345 2075 403 2138 quta
427 2067 456 2122 0.
470 2066 574 2122 Cassius
597 2067 732 2124 sententia
754 2067 810 2123 loco
833 2068 861 2122 in
881 2067 950 2124 harno
969 2066 1070 2121 modum

233 2143 272 2198 43
281 2144 401 2199 dssmuit
409 2144 662 2215 :-“Sapenumero,
676 2148 761 2215 patres
773 2144 918 2214 conscripti,
930 2143 958 2198 in
973 2143 1021 2198 hoo
1031 2161 1070 2198 or·
1124 2141 1125 2149 ’

280 2221 340 2277 dine
356 2221 469 2286 interfui,
488 2239 548 2276 cum
564 2225 654 2276 contm
670 2221 792 2277 inatituta
807 2226 835 2278 et
857 2221 927 2292 leges
950 2220 1069 2291 majorum

280 2317 347 2353 nora
370 2301 475 2353 senatus
499 2297 601 2353 decreta
623 2298 829 2369 postrdarenturr
847 2315 931 2368 neque
950 2315 1006 2352 sum
1029 2296 1069 2350 ad·

281 2379 405 2438 versatus,
429 2393 482 2429 non
499 2375 559 2446 qnia
574 2374 716 2431 dubitarem
735 2393 812 2448 super
829 2375 946 2431 omnibus
964 2373 1068 2446 negotiis

281 2451 372 2506 melius
384 2454 461 2521 atque
472 2452 569 2507 rectius
578 2451 638 2506 olim
650 2453 780 2524 provisum
790 2457 824 2518 et,
835 2471 891 2524 qnae
901 2455 1069 2508 converteren·
1117 2507 1118 2518 ἢ

281 2532 334 2594 tur,
346 2526 459 2582 deterius
470 2530 572 2591 mutari
590 2528 636 2584 sed
650 2548 683 2585 ne
695 2530 773 2585 nimio
784 2547 869 2585 amore
887 2528 984 2600 antiqui
996 2527 1068 2582 moria

258 2604 396 2661 tatudinm
407 2624 492 2660 meum
509 2605 630 2662 extollere
646 2606 753 2663 viderer.
791 2607 879 2673 Simul,
896 2604 1013 2678 quioquid
1024 2603 1069 2659 hoc

282 2683 310 2738 in
321 2681 394 2737 nobis
410 2682 571 2738 auctontatis
589 2687 637 2750 cat,
656 2683 751 2740 crebris
772 2681 1010 2740 contradictionibus
1029 2680 1068 2735 da·

282 2759 432 2816 struendum
450 2776 502 2812 non
519 2759 703 2827 existimabam,
719 2766 749 2816 nt
767 2765 881 2817 maneret
898 2761 1028 2831 integrum,
1047 2757 1067 2812 ri

259 2835 384 2908 aquando
395 2834 537 2906 respublica
547 2837 658 2892 consiliis
673 2838 793 2910 eguisset.
830 2837 908 2898 Quod
919 2837 991 2892 hodie
1001 2833 1067 2888 veuit

283 2913 411 2968 consulari
421 2913 476 2968 uiro
487 2911 556 2968 domi
570 2931 623 2969 sna
637 2913 773 2973 interiecto
789 2935 835 2990 per
846 2915 949 2972 insidias
961 2911 1063 2978 aemilffla
