2550 3500
180 469 238 508 ΑΗΒ
248 469 290 518 16]
395 403 592 455 ANNALIUM
610 405 646 455 11.
660 408 762 454 32-35.
934 405 968 454 65

177 521 272 590 jecerat
260 521 311 572 tet
321 516 438 573 Tiberius
449 535 502 573 uon
512 517 540 572 id
550 521 652 589 tempus
667 515 967 587 censorn,ncc,e1qmd

178 597 207 651 in
229 595 342 650 moribus
365 595 470 660 labaret,
494 593 643 650 defuturum
665 593 807 666 corrigendi
830 598 966 648 auctorem.

178 673 252 728 Inter
267 663 323 743 quse
338 671 370 727 11.
383 673 445 727 Piso
460 671 540 728 embit
528 676 584 726 tum
601 671 658 738 fori,
672 675 792 743 corrupta
806 671 910 744 judicie,
923 689 967 726 so
977 678 1015 735 34

177 751 267 806 vitiam
283 753 420 814 oratorum,
438 749 611 804 accusationes
628 749 801 804 minitantium
824 748 967 820 increpans,

177 827 248 882 abire
263 845 291 882 se
309 829 335 881 et
323 825 441 881 tcederc
461 825 532 891 mbe,
550 826 703 882 victurrum'
694 844 723 882 m
738 826 822 898 aliquo
838 825 924 880 abdito
940 826 968 880 et

177 904 316 976 longinquo
331 921 398 970 rure,
412 903 571 970 testebetm3
597 904 673 958 simul
688 903 784 959 curiam
802 903 966 975 relinquebat.

179 981 328 1036 Commotus
340 984 381 1034 est
398 979 521 1047 Tiberius,
540 984 567 1036 et
585 997 737 1052 quemquern
756 980 862 1035 mitibus
884 979 992 1035 verbie2

178 1059 299 1113 Pisonem
314 1057 495 1128 permulsissct,
511 1057 667 1128 propinquos
682 1075 782 1130 quoque
794 1058 850 1129 ejus
867 1057 968 1129 impulit

178 1140 210 1190 ut
222 1135 358 1191 abeuntem
370 1135 522 1190 auctoritate
537 1135 578 1190 vel
594 1135 711 1206 precibus
728 1139 853 1190 tenerent.
889 1134 992 1190 Heudt

178 1213 263 1268 minus
274 1210 349 1266 liberi
367 1210 460 1266 doloris
475 1211 655 1267 documentum
668 1212 735 1267 idem
751 1213 812 1267 Piso
823 1229 883 1267 mox
898 1211 969 1266 dedit

179 1293 272 1345 vocate
282 1288 361 1360 injus
373 1289 522 1361 Urgulania,
535 1307 610 1360 quam
625 1307 703 1364 supra
715 1289 784 1361 leges
796 1289 907 1344 amicitis
917 1291 970 1344 An·

178 1371 263 1440 gustes
279 1365 412 1421 eximeret.
449 1366 506 1423 Nec
520 1371 564 1422 aut
579 1367 722 1438 Urgulania
734 1367 926 1437 obtemperavit,
942 1366 994 1422 int

178 1445 283 1500 domum
295 1443 402 1498 Gesseris
415 1447 501 1515 spreto
516 1444 610 1500 Pisone
623 1448 704 1510 vecte,
722 1448 767 1499 eut
782 1444 824 1498 ille
838 1444 968 1510 abscessit,

179 1539 332 1592 qumnquam
349 1521 469 1593 Augusta
487 1539 514 1577 se
530 1521 618 1577 viclsri
635 1525 663 1577 et
679 1521 795 1577 imminui
812 1526 968 1593 quereretur.

178 1599 296 1654 Tiberius
308 1599 430 1654 hactenns
442 1598 573 1671 indulgere
585 1598 662 1654 matri
673 1599 745 1654 civile
756 1601 828 1653 ratris
838 1602 869 1654 nt
881 1617 909 1653 se
920 1599 994 1668 itu-5

178 1695 237 1732 rum
249 1675 282 1731 ad
290 1675 406 1746 proteris
417 1675 536 1741 tribunal,
547 1675 695 1731 adiuturum
706 1676 854 1749 Urgulsnire
865 1675 968 1741 diceret,

178 1754 304 1826 processit
313 1754 419 1819 Palatio,
432 1752 521 1825 procul
532 1754 605 1825 sequi
613 1754 692 1826 jussis
699 1754 830 1810 militibus,
867 1754 993 1826 Specta-6

181 1832 256 1887 batur
267 1834 416 1887 occursante
432 1831 525 1903 populo
541 1832 697 1904 compositus
709 1848 760 1898 ore,
773 1836 800 1887 et
811 1832 970 1887 sermonibus

179 1910 256 1965 verme
268 1913 370 1980 tempus
388 1912 465 1979 etque
482 1909 532 1965 iter
548 1909 650 1977 ducens,
666 1910 746 1966 donec
763 1910 911 1982 propinquis
928 1909 971 1964 Pi-

179 2006 268 2043 sonem
284 1986 352 2041 frast
340 1990 382 2041 trs
396 1986 571 2043 coercentibus
587 1988 632 2043 dei
630 1988 681 2043 erri
697 1990 817 2078 Auguste
829 1987 969 2060 pecuniam,

178 2082 238 2134 qma
253 2063 395 2135 petebatur,
392 2044 514 2135 juberet.
550 2065 628 2153 Isque
642 2066 762 2133 finierei3
781 2085 814 2121 ex
824 2084 875 2137 qua
888 2076 995 2135 neque7

178 2142 242 2197 Piso
260 2141 383 2213 inglorius
402 2145 430 2196 et
451 2142 536 2197 Oaeser
556 2143 652 2233 majore
671 2109 814 2198 inmaduit.
850 2143 995 2197 Ceterumtt

178 2220 330 2291 Urguleniae
341 2220 457 2291 potentia
468 2220 530 2275 odeo
541 2220 620 2275 nimis
630 2222 729 2277 cinteti
741 2226 804 2287 eret,
817 2224 847 2277 ut
858 2220 952 2277 testis
944 2240 972 2275 m

177 2316 259 2353 causa
276 2296 392 2368 quadam,
411 2314 468 2368 quse
485 2297 553 2369 apud
570 2303 687 2353 senatum
703 2299 867 2365 tractabatur,
886 2299 972 2354 venire

178 2374 377 2447 dedignaretur:
395 2375 488 2431 missus
501 2378 540 2431 est
551 2380 646 2447 pretor
658 2377 702 2448 qui
715 2376 784 2432 domi
794 2378 970 2449 interrogaret,

177 2471 240 2508 oum
257 2452 368 2523 virgines
382 2452 501 2507 Vestales
515 2452 543 2507 in
554 2452 610 2509 foro
626 2458 654 2509 et
662 2454 758 2526 jndicio
769 2454 858 2521 audiri,
872 2455 972 2527 quoties

177 2528 358 2586 testimonium
369 2528 489 2596 dicerent,
502 2534 576 2586 vetus
588 2550 643 2587 mos
655 2532 740 2588 luerit.

214 2608 271 2663 Res
284 2624 315 2662 eo
327 2624 392 2661 auno
403 2608 515 2679 prolutas
526 2608 595 2663 heud
606 2608 733 2675 referrem,
745 2609 774 2664 ni
784 2609 894 2681 pretium
905 2608 972 2663 foret
982 2615 1019 2671 35

179 2685 227 2741 Gn.
241 2683 345 2740 Pisonis
364 2685 391 2739 et
412 2684 496 2741 Asinii
514 2684 581 2741 Gelli
598 2704 675 2757 super
692 2704 724 2741 eo
739 2687 843 2759 negotio
861 2686 973 2741 diversas

180 2762 323 2817 sententies
335 2778 447 2817 noscere.
483 2762 551 2829 Pice,
569 2782 721 2834 quamquam
737 2764 866 2818 afuturum
880 2780 908 2817 se
920 2762 998 2821 dix-e

180 2844 237 2895 erat
254 2840 348 2905 Caesar,
365 2837 399 2894 ob
415 2837 443 2893 id
460 2839 539 2911 magis
558 2840 668 2911 agendus
682 2840 808 2905 censebat,
823 2843 854 2893 ut
869 2839 974 2893 absente

180 2916 296 2987 principe
313 2919 430 2972 senatum
441 2920 469 2971 et
484 2918 583 2987 equites
599 2934 674 2989 posse
689 2936 735 2971 ena
746 2917 832 2970 munis
848 2915 974 2969 sustinere
1054 2973 1061 2977 ,

182 2994 305 3049 decormu
316 2993 473 3065 reipublice
486 2992 560 3049 ieret.
595 2994 692 3060 (lellus,
707 2994 767 3064 quia
782 2992 891 3063 speciem
901 2990 999 3055 liber-3

216 3082 276 3119 nnc,
287 3082 342 3111 rore.
353 3082 370 3112 1.
592 3084 609 3124 p
