2550 3500
282 399 314 447 48
473 397 592 447 TAClTI
611 399 743 448 ANNAn
762 401 782 448 1.
796 403 834 456 80,
847 402 885 449 sl.

260 511 335 569 4lunr
347 510 403 581 sibi,
418 533 433 569 a
444 511 560 586 pessimis
572 509 682 565 dedecus
695 511 830 582 publicum,
839 464 987 568 metudball'
997 465 1077 573 clllda

283 590 440 646 haesitatione
461 595 588 663 postremo
607 606 637 642 eo
655 594 790 659 provectus
807 594 847 644 est
867 596 898 644 ut
918 591 1077 645 mandaverit

283 668 433 740 quibusdum
445 667 594 740 provincias,
611 684 676 737 quos
693 666 781 738 egredi
795 667 859 722 urbe
876 686 929 722 non
945 676 1000 723 erat
1018 687 1077 740 pas-

283 763 366 800 surus.

238 835 272 889 ε]
320 823 359 878 De
370 823 478 879 comitiis
491 819 673 885 consularibus,
687 839 743 890 qua
754 824 810 875 turn
822 821 932 892 primum
948 821 992 877 illo
1008 823 1078 894 prin·

283 898 339 971 cipe
357 918 387 956 ac
406 899 524 971 deinceps
542 899 622 965 luere,
642 897 686 952 vix
704 897 839 969 quiequam
859 900 959 954 fimare
977 901 1076 956 ausim:

283 979 346 1034 adeo
358 979 458 1035 diversa
469 997 521 1033 non
532 977 607 1032 modo
620 975 688 1047 apud
699 982 816 1032 auctores
829 978 875 1033 sed
886 979 914 1033 in
924 979 1004 1051 ipsius
1021 999 1077 1034 ora·

261 1056 395 1119 stionibus
416 1056 585 1127 reperiuntur.
620 1053 702 1108 Modo
722 1053 862 1110 subtractis
882 1056 1077 1112 candidatorum

283 1133 427 1189 nominibus
439 1133 562 1206 originem
577 1131 701 1204 cujusque
712 1136 739 1186 et
751 1132 828 1188 vitam
846 1137 873 1188 et
889 1134 1014 1205 stipendia
1032 1135 1077 1190 de·

284 1212 393 1283 scripsit,
417 1216 448 1266 ut
471 1211 516 1282 qui
538 1209 623 1264 forent
646 1208 854 1280 intellegeretur:
885 1210 1019 1282 aliqnando
1045 1231 1077 1267 ea

283 1307 384 1360 quoque
396 1288 580 1360 significatione
593 1286 732 1351 subtracta,
745 1286 892 1342 candidatos
910 1288 1028 1344 hortatus
1042 1309 1077 1344 ne

284 1366 381 1422 ambitu
393 1367 495 1421 comitia
506 1365 648 1444 turbarent,
665 1383 738 1418 suam
755 1363 788 1418 ad
803 1364 830 1419 id
845 1383 932 1419 curam
947 1366 1076 1437 pollicitus

263 1448 333 1510 aest.
368 1443 522 1515 Plerumque
539 1461 582 1498 eos
598 1445 700 1496 tantum
719 1440 788 1512 apud
805 1459 833 1496 se
852 1442 979 1512 professos
998 1444 1076 1499 disse·

284 1522 345 1586 ruit,
370 1539 477 1592 quorum
499 1519 602 1576 nomina
625 1517 770 1574 oonsulibus
793 1517 932 1574 edidisset:
950 1538 1025 1590 posse
1048 1525 1076 1576 et

262 1598 346 1664 4alios
358 1598 478 1670 profiteri,
492 1598 515 1652 si
531 1597 620 1669 gratia
638 1601 683 1650 aut
700 1595 798 1651 meritis
815 1595 978 1653 confiderent.
1016 1599 1076 1670 Spe·

285 1675 353 1731 ciosa
372 1676 463 1741 verbis,
480 1693 508 1730 re
528 1675 613 1729 inania
629 1677 674 1727 aut
692 1672 805 1741 subdola,
819 1678 965 1746 quantoque
980 1679 1077 1748 majore

284 1753 410 1809 libertatis
424 1752 533 1825 imagine
545 1752 705 1824 tegebantur,
718 1756 792 1807 tanto
808 1757 931 1824 eruptura
949 1753 981 1809 ad
995 1755 1075 1810 inlen-

284 1830 338 1887 sius
350 1830 490 1887 servitium.
