2550 3500
215 416 268 457 AD
287 416 327 465 ⁵⁰]
402 355 599 403 ANNALIUM
617 355 680 403 XII.
698 356 801 403 ‹td-38.
958 358 1004 405 251

214 464 336 521 tribunali
359 466 449 531 astitit,
472 467 499 521 in
518 466 587 521 bunc
607 465 710 521 modum
727 466 830 521 loeutus
848 468 957 523 est:-“
969 467 1004 531 si,

215 548 310 614 quanta
321 543 439 598 nobititas
451 548 477 599 et
489 544 592 598 fortuna
607 544 670 599 mihi
681 544 738 607 fuit,
751 548 825 598 tanta
835 562 920 599 rerum
936 561 1005 614 pros·

214 639 331 691 peratum
341 620 480 675 moderatio
492 620 591 686 fuisset,
605 621 700 677 amicus
712 621 797 691 potius
809 620 837 675 in
845 620 910 675 banc
917 620 1005 675 urbem

214 716 289 768 quam
307 701 398 767 captus
421 697 555 763 venissem,
574 716 657 769 neque
676 697 827 770 dedignatus
845 716 914 753 esses
931 697 1005 753 claris

212 774 351 845 majoribus
369 780 461 839 ortum,
480 774 595 846 pluribus
611 775 731 846 gentibus
748 774 944 846 imperitantem,
961 774 974 828 f
996 807 1005 817 ·

212 853 273 909 dere
284 854 354 925 pacis
366 854 486 925 accipere.
522 854 638 909 Praesens
657 873 711 909 sors
729 873 786 909 mea
802 857 833 908 ut
850 853 912 908 mihi
929 853 1029 909 infor-2

211 931 268 996 mis,
282 930 319 985 sie
336 930 384 985 tibi
401 931 533 1003 magnifica
551 935 598 986 est.
634 931 725 987 Habui
742 950 828 1003 equos,
840 932 917 997 viros,
928 949 1004 999 arma,

211 1028 280 1081 opes.
317 1010 389 1069 Quid
400 1010 499 1075 mirum,
519 1010 541 1065 si
552 1011 607 1066 baec
620 1010 716 1066 inritus
729 1011 820 1066 amisi?
838 1011 914 1075 Nam,
926 1011 948 1065 si
959 1026 1029 1071 voss

210 1088 327 1143 omnibus
339 1088 484 1159 imperitare
493 1089 578 1155 vultis,
588 1089 703 1161 sequitur
714 1093 744 1144 ut
756 1107 843 1144 omnes
855 1090 1005 1144 servitutem

209 1166 355 1236 accipiant?
374 1166 397 1221 si
414 1166 501 1221 statim
520 1166 622 1221 deditus
639 1165 762 1230 traderer,
780 1185 863 1237 neque
881 1185 937 1221 mea
954 1167 1004 1222 for-

208 1247 273 1297 tuna
285 1261 367 1313 neque
378 1246 425 1297 tua
441 1243 522 1314 gloria
539 1244 707 1299 inclaruisset.
742 1244 778 1299 Et
790 1243 942 1315 supplicium
953 1244 1029 1299 meis

208 1319 301 1374 oblivio
314 1324 475 1391 sequeretur:
488 1325 515 1375 at
527 1320 550 1375 si
558 1321 708 1376 ineolumem
722 1320 868 1385 servaveris,
878 1325 1004 1376 aeternum

209 1396 338 1467 exemplar
349 1396 488 1453 clementia
500 1399 568 1452 erc.'’
604 1398 648 1453 Ad
659 1416 689 1452 ea
701 1397 892 1453 Oasarveniam
903 1398 1004 1469 ipsique

208 1483 236 1535 et
248 1481 351 1553 conjugi
362 1485 389 1537 et
401 1482 522 1537 fratribus
539 1481 638 1537 tribuit.
675 1483 761 1552 Atque
777 1481 815 1536 illi
825 1481 914 1536 vinclis
932 1482 1028 1541 absco

206 1558 257 1613 luti
280 1559 449 1630 Agrippinam
472 1577 579 1630 quoque,
600 1558 669 1615 haud
691 1558 778 1629 procul
803 1558 852 1612 alio
875 1564 1004 1631 suggestu

207 1635 376 1706 conspicuam,
397 1635 488 1704 isdem,
511 1636 602 1707 quibus
623 1636 769 1707 principem,
790 1635 906 1691 laudibus
927 1637 1003 1709 grati-

206 1710 306 1783 busque
318 1714 432 1770 venerati
444 1718 513 1770 sunt.
539 1714 642 1770 Novum
655 1732 714 1769 sane
726 1717 753 1769 et
764 1712 877 1769 moribus
889 1717 1026 1775 veterane

206 1791 345 1860 insolitum,
369 1793 489 1848 feminam
519 1793 598 1864 signis
622 1793 745 1848 Romanis
768 1792 918 1864 praesidere:
947 1793 1004 1864 ipsa

207 1873 289 1924 semet
312 1869 379 1940 parti
397 1887 412 1924 a
428 1870 566 1941 majoribus
588 1870 641 1924 suis
662 1869 761 1941 imperii
782 1870 876 1926 sociam
895 1869 1001 1931 ferebat.

209 1945 300 2003 Vocati
318 1947 424 2017 posthac
441 1952 530 2018 patres
542 1947 624 2002 multa
643 1951 670 2002 et
685 1947 820 2019 magnifica
836 1967 913 2018 super
924 1949 1001 2019 capti·
1011 1954 1048 2007 38

206 2023 287 2078 vitate
315 2024 446 2078 Carpetani
470 2024 618 2090 dissemere,
644 2043 726 2096 neque
749 2025 833 2080 minus
856 2025 884 2079 id
906 2025 1002 2080 clarum

206 2119 283 2171 quam
302 2101 370 2172 quod
390 2101 529 2172 Syphacem
548 2102 577 2158 P.
592 2101 684 2174 Scipio,
706 2103 803 2156 Persen
813 2102 845 2156 L.
857 2102 961 2168 Paulus,
974 2107 1001 2158 et

204 2178 229 2234 si
252 2179 296 2249 qui
320 2178 362 2234 alii
385 2179 484 2234 vinctos
504 2197 578 2250 reges
601 2179 695 2250 populo
718 2179 835 2234 Romano
858 2179 999 2235 ostendere.

205 2255 351 2310 censentur
370 2255 473 2312 Ostorio
492 2256 616 2326 triumphi
636 2255 754 2327 insignis,
776 2255 902 2326 prosperis
923 2256 954 2310 ad
973 2257 1023 2312 ida

205 2331 282 2388 rebus
295 2333 359 2402 ejus,
370 2351 430 2388 mox
447 2333 588 2404 ambiguis3
602 2333 656 2388 sive
672 2337 757 2388 amoto
770 2333 914 2399 Caraetacc
927 2335 1000 2406 quasi

203 2409 359 2466 debellatum
376 2411 450 2477 foret,
469 2411 552 2466 minus
568 2411 668 2466 intenta
685 2410 753 2481 apud
767 2429 815 2466 nos
832 2411 923 2466 militia
939 2412 996 2479 fuit,

130 2473 131 2492 ¹
202 2487 258 2542 sire
275 2487 363 2542 hostes
381 2488 542 2543 miseratione
559 2487 626 2542 tanti
643 2488 711 2559 regis
729 2488 811 2543 acrius
828 2488 861 2544 ad
875 2489 997 2546 ultionem

202 2583 328 2622 exarsere.
358 2565 513 2620 Praefectum
521 2574 663 2620 castrorum
675 2575 701 2620 et
714 2564 862 2638 legionarias
871 2568 1021 2633 eobortes‚3

202 2640 352 2698 extruendis
370 2641 438 2712 apud
457 2642 551 2698 Siluras
570 2641 692 2713 praesidiis
716 2643 827 2710 relictas,
846 2645 998 2701 circumfun-

130 2723 132 2748 '
201 2718 276 2776 dunt.
298 2719 550 2789 Aenieitc†erieis
558 2726 584 2775 et
594 2720 704 2776 castellis
713 2722 834 2792 proximis
843 2722 1022 2777 subventumt

200 2795 277 2861 foret,
299 2796 378 2867 copiae
403 2800 459 2852 tum
481 2797 610 2852 occidione
634 2797 820 2854 occubuissent.
855 2799 996 2854 Praefectus

200 2878 288 2930 tamen
308 2877 335 2928 et
353 2877 411 2928 octo
435 2873 595 2934 centuriones
615 2893 646 2930 ac
662 2876 866 2946 promptissimus
890 2876 995 2946 quisque

200 2949 363 3022 emanipulis
375 2949 495 3010 cecidere.
531 2951 588 3008 Nec
604 2953 684 3009 cudtc
701 2957 760 3024 post
779 2953 929 3024 pabulantes
948 2969 1019 3016 nost
