2550 3500
196 446 257 485 m
269 446 310 496 ῃ]
398 386 592 434 ANNALIUM
609 386 661 434 ΙΙΙ.
674 386 777 437 73-76.
938 389 984 437 las

193 514 242 565 per
252 515 318 566 quos
330 504 473 568 resurgeret
485 498 586 554 bellum.
624 498 675 552 Sed
685 498 801 553 Tiberius
809 515 857 567 pro
868 499 983 553 coniecto
993 508 1009 555 6

191 574 385 643 interpretatus,
402 574 428 627 id
446 593 547 644 quoque
562 575 646 629 Blaeso
661 575 759 640 tribuit,
775 578 805 628 ut
820 575 957 646 imperator
968 594 985 629 a

191 649 336 720 legionibus
357 650 511 705 salutaretur
533 651 616 721 prisco
640 670 701 723 erga
724 652 801 706 duces
824 652 926 717 honore,
940 653 985 722 qni

191 726 259 781 bene
271 730 379 798 gestare
391 727 491 799 publica
498 728 591 798 gaudio
603 732 630 783 et
639 729 737 799 impetu
743 729 847 783 victoris
856 730 984 784 exercitus
997 795 1000 800 Ι

191 803 430 870 conclamabantur3
448 809 569 875 erantque
576 805 661 876 plures
671 805 745 859 simul
754 805 925 876 imperatores,
935 824 983 861 nec

191 899 273 951 super
284 888 425 935 ceteromm
437 881 614 951 aequalitatem.
652 882 784 936 Gonoessit
796 881 943 952 quibusdam
956 886 1007 937 et?

191 959 330 1027 Augustus
347 956 374 1012 id
391 958 547 1023 vocabulum,
567 976 597 1013 ao
613 962 677 1013 tune
694 959 810 1013 [liberius
827 958 910 1014 Blaeso
926 978 982 1030 pos-

191 1038 313 1088 tremam.

229 1110 323 1165 Obiere
335 1128 365 1165 eo
374 1128 439 1165 anno
449 1110 496 1165 viri
507 1112 618 1166 illustres
628 1111 733 1166 Asinius
743 1110 883 1177 Saloninus,
892 1113 981 1168 Marco
992 1119 1028 1176 75

193 1188 311 1259 Agrippa
322 1192 348 1242 et
360 1188 473 1243 Pollione
485 1189 575 1243 Asinio
587 1189 649 1254 avis,
662 1189 742 1242 fratre
756 1189 849 1253 Druso,
866 1190 980 1261 insignis,

193 1266 340 1335 Caesarique
355 1282 478 1337 progener
496 1265 653 1331 destinatam
673 1269 700 1319 et
718 1265 809 1335 Capito
830 1267 929 1331 Ateius,
950 1267 982 1321 de

192 1360 245 1412 quo
263 1343 406 1407 memoravi,
419 1343 558 1413 prinoipem
575 1344 602 1398 in
619 1343 724 1398 civitate
740 1342 823 1396 locum
839 1342 930 1398 studiis
947 1345 982 1397 ci-

192 1418 287 1473 vilibus
312 1426 450 1483 assecutus,
471 1420 516 1473 sed
536 1438 583 1474 avo
604 1420 760 1484 centurione,
782 1419 886 1474 Sullano
908 1425 981 1491 patre

192 1495 321 1565 praetorio.
358 1496 524 1551 Consulatum
546 1496 569 1551 ei
590 1497 773 1551 acceleraverat
790 1498 930 1568 Augustus,
950 1502 1005 1554 att

192 1572 339 1628 Labeonem
351 1573 498 1638 Antistium,
512 1572 591 1627 isdem
603 1573 701 1628 artibus
718 1570 909 1643 precellentem,
928 1574 981 1645 dig-

192 1651 296 1705 natione
315 1651 370 1721 ejus
387 1654 553 1723 magistratus
572 1652 688 1707 anteiret.
725 1651 842 1722 Namque
859 1651 902 1705 illa
919 1656 980 1707 aetas

193 1728 245 1784 duo
263 1729 331 1800 pacis
350 1726 440 1784 decora
457 1728 532 1784 simul
549 1729 617 1784 tulit.
662 1729 712 1785 Sed
731 1728 818 1785 Labeo
835 1729 1004 1799 incorrupta3

193 1805 319 1872 libertate,
345 1811 371 1862 et
392 1806 424 1861 ob
445 1806 472 1860 id
490 1807 558 1860 fama
576 1807 739 1862 celebratior:
759 1808 889 1879 Capitonis
910 1808 981 1862 obse-

193 1883 282 1952 quium
311 1883 497 1938 dominantibus
520 1885 601 1955 mngis
624 1885 786 1954 probabatur.
833 1885 883 1949 llli,
913 1885 1004 1955 quod4

192 1965 330 2031 praeturam
354 1961 422 2014 intra
445 1961 526 2025 stetit,
545 1961 729 2016 commendatio
746 1981 779 2016 ox
795 1961 894 2032 injuria,
912 1962 980 2027 huic,

192 2037 263 2108 quod
275 2038 433 2092 consulatum
445 2037 553 2108 adeptus
565 2042 612 2103 est,
626 2038 712 2093 odium
726 2058 759 2094 ex
775 2039 870 2094 invidia
887 2039 981 2093 orieba-

191 2120 244 2169 tur.
288 2115 323 2170 Et
340 2115 419 2169 Junia
436 2117 591 2186 sexagesimo
609 2121 700 2186 quarto
717 2121 776 2187 post
794 2116 979 2186 Philippensem
990 2120 1027 2177 76

191 2192 272 2246 aciem
284 2210 349 2246 anno
362 2210 507 2262 supremum
525 2191 591 2246 diem
608 2193 726 2261 explevit,
744 2194 841 2247 Catone
857 2191 981 2246 avunculo

191 2271 287 2340 genita,
302 2270 330 2324 Ο.
345 2270 426 2324 Cassii
442 2289 514 2336 uxor,
531 2271 570 2325 M.
582 2270 659 2325 Bruti
675 2289 754 2325 soror.
790 2271 1003 2330 Testamentumz

191 2347 249 2418 ejus
265 2347 347 2402 multo
365 2347 433 2418 apud
450 2347 554 2418 vulgum
572 2366 674 2401 rumore
691 2348 748 2412 fuit,
762 2347 822 2417 quia
838 2347 865 2401 in
882 2347 981 2418 magnis

191 2424 291 2494 opibus,
305 2442 363 2480 cum
375 2424 454 2478 fenne
466 2427 571 2478 cunctos
588 2442 704 2494 proceres
721 2443 778 2478 cum
797 2424 891 2478 honore
902 2425 980 2478 nomi-

131 2493 133 2508 ’
189 2501 312 2566 nevisset,
338 2501 463 2556 Gaesarem
486 2501 579 2555 omisit.
617 2500 694 2560 Quod
713 2500 819 2556 civiliter
842 2506 1001 2572 acceptama

189 2597 275 2648 neque
287 2578 417 2648 prohibuit
429 2597 479 2648 quo
491 2579 574 2632 minus
587 2577 731 2632 laudatione
742 2596 788 2648 pro
800 2578 901 2632 Rostris
916 2582 981 2632 oete·

188 2657 277 2726 risque
297 2654 449 2709 sollennibus
466 2655 543 2710 funus
561 2654 776 2710 cohonestaretur,
812 2655 914 2727 Viginti
932 2655 1004 2716 ela-4

189 2733 348 2788 rissimarum
360 2731 510 2786 familiarum
522 2731 646 2803 imagines
663 2734 780 2788 antelata
796 2738 864 2798 sunt,
881 2731 979 2795 Manlii,

191 2810 316 2874 Quinctii,
331 2810 429 2880 aliaque
442 2809 553 2880 ejusdem
562 2809 703 2864 nobilitatis
720 2810 829 2864 nomina
861 2808 1004 2877 Sedpraat

190 2887 324 2957 fulgebant
343 2886 446 2940 Cassius
465 2889 541 2957 atque
558 2887 665 2952 Brutus,
684 2905 714 2941 eo
731 2887 787 2958 ipso
803 2884 871 2957 quod
886 2883 980 2952 effigies

192 2981 280 3018 eornm
291 2981 344 3018 non
354 2962 509 3018 visebantur.
