2550 3500
394 392 590 439 ANNALIUM
608 392 652 439 VI.
672 393 772 439 16-19.
927 393 972 440 198

180 454 209 493 A.
219 454 245 491 D.
255 454 300 501 aa]
408 460 418 490 ο

180 512 208 556 et
221 502 345 573 paulatim
363 502 457 573 privati
474 522 574 575 quoque
590 502 727 557 creditores
743 502 844 573 reperti
880 502 972 574 Neque

179 580 277 650 emptio
295 598 412 650 agrorum
431 581 542 635 exercita
560 581 593 635 ad
612 580 719 634 formam
736 586 839 635 senatus
854 580 971 647 consulti,

179 656 290 721 acribus,
304 664 333 710 ut
345 656 425 711 ferme
443 658 510 723 taha,
529 658 616 723 initiis,
629 657 757 713 incurioso
769 657 826 712 tine.

132 723 137 764 ¹
218 733 287 788 Dein
310 732 417 789 redeunt
443 734 539 805 primes
563 744 654 800 metus,
679 734 808 805 postulato
830 735 970 806 majestatis
981 734 1018 787 18

131 814 134 899 j
179 810 303 865 Considio
316 810 440 877 Proculo;
460 812 504 882 qui
515 812 584 867 nullo
596 830 689 883 pavore
700 812 767 867 diem
778 812 889 866 natalem
906 812 971 867 cele-

177 887 257 943 brans
268 892 358 959 raptus
376 888 522 954 incuriam,
540 892 685 961 pariterque
703 889 835 946 damnatus
852 889 971 945 interfec-

177 969 282 1036 tusque,
319 965 355 1019 Et
368 966 448 1021 sorori
460 967 515 1037 ejus
535 966 630 1021 Saucia
648 985 715 1037 aqua
730 972 807 1037 atque
822 967 876 1038 igni
893 967 994 1021 inter-2

178 1042 285 1108 dictum,
298 1047 433 1097 accusante
451 1043 484 1102 Q.
497 1044 645 1115 Pomponio.
681 1044 716 1110 Is,
735 1044 846 1099 moribus
862 1044 968 1115 inquies,

177 1119 233 1173 haec
245 1123 272 1173 et
283 1118 455 1189 hujuscemodi
468 1138 483 1173 a
495 1138 523 1174 se
534 1120 647 1175 factitari
664 1120 843 1191 praetendebat,
855 1126 885 1175 ut
897 1128 970 1191 parta

177 1194 247 1267 apud
255 1195 394 1267 principem
403 1196 486 1266 gratia
494 1196 611 1267 periculis
624 1197 757 1267 Pomponii
766 1198 874 1253 Secundi
882 1198 969 1255 fratris

177 1272 331 1327 mederetur.
367 1273 453 1327 Etiam
475 1272 503 1329 in
532 1273 679 1345 Pompeiam
702 1274 843 1329 Macrinam
866 1276 993 1335 exiliunt

177 1351 310 1415 statuitur,
324 1352 397 1423 cujus
409 1352 528 1407 maritum
540 1352 696 1423 Argohcum,
710 1370 824 1407 socenun
832 1353 966 1419 Laconem,

176 1448 192 1483 e
210 1429 363 1499 primoribus
375 1430 534 1496 Achaomm,
549 1430 634 1487 Ceasar
646 1430 775 1494 afflixerat.
811 1431 889 1485 Pater
906 1445 993 1502 quo-4

176 1526 235 1579 quc,
248 1508 354 1569 illustris
367 1524 443 1581 eques
455 1510 594 1575 Romanus,
614 1528 644 1565 ac
659 1509 739 1567 frater
752 1509 893 1580 pretorius,
909 1529 967 1565 cum

176 1584 306 1642 damnatio
329 1586 444 1652 instaret,
469 1606 497 1643 se
519 1587 569 1659 ipsi
583 1586 749 1641 interfecere.
791 1586 888 1641 Datum
911 1591 990 1644 erate

175 1662 277 1717 crimini
288 1662 356 1733 quod
367 1664 538 1735 Theophanen
548 1664 732 1736 Mytilenaeum,
740 1680 862 1735 proavum
871 1682 965 1733 eorum,

176 1739 224 1796 Cn.
239 1740 351 1812 Magnus
363 1742 430 1800 inter
441 1742 544 1800 intimos
556 1741 694 1807 habuisset,
713 1740 830 1812 quodque
846 1740 966 1799 defuncto

175 1817 324 1888 Theophani
342 1819 455 1876 celestes
469 1819 577 1876 honores
594 1820 683 1878 Graeca
704 1818 815 1875 adulatio
832 1819 965 1876 tribuerat.

173 1895 241 1950 Post
262 1914 325 1966 quos
346 1897 403 1952 Sex.
416 1897 524 1963 Marius,
549 1898 732 1968 Hispaniarum
754 1896 901 1964 ditissimus,
924 1899 1013 1953 dela

173 1972 259 2032 fertur
270 1973 409 2030 incestisse
426 1974 504 2031 filiam
520 1979 546 2030 et
565 1993 625 2030 saxo
643 1973 749 2046 Tarpeio
767 1973 891 2045 dejicitur.
926 1978 967 2032 Ac

172 2069 208 2104 ne
220 2049 325 2108 dubium
337 2051 473 2106 haberetur
486 2051 685 2124 magnitudinem
700 2052 813 2122 pecunia
828 2053 894 2107 malo
910 2071 966 2108 ver-

172 2128 248 2192 tisse,
271 2129 381 2184 aurariae
403 2129 466 2200 ejus,
488 2148 631 2200 quanquam
649 2128 845 2200 pubhcarantur,
864 2128 965 2184 sibimet

172 2204 292 2262 Tiberius
304 2205 425 2276 seposuit.
462 2207 632 2277 Irritatusque
648 2206 778 2276 supphciis
792 2209 906 2271 cunctos,
919 2207 989 2277 quin

131 2337 133 2358 s
172 2300 275 2338 carcere
299 2283 474 2339 attinebantur
498 2283 610 2340 accusati
633 2283 762 2341 societatis
786 2300 844 2336 cum
865 2283 963 2354 Sejano,

131 2359 132 2386 ³
170 2359 260 2414 necari
275 2360 358 2430 jubet.
395 2361 482 2416 Jacrrit
500 2361 622 2416 immensa
643 2365 751 2431 strages,
774 2359 856 2414 omnis
879 2374 989 2427 cerusa

171 2437 257 2492 omnis
269 2440 346 2504 atas3
364 2438 484 2505 illustres,
497 2438 637 2510 ignobiles;
657 2436 765 2508 dispersi
778 2441 824 2492 aut
841 2440 963 2510 aggerati.

171 2514 267 2585 Neque
284 2515 431 2586 propinquis
449 2519 494 2572 aut
513 2515 599 2571 amicis
617 2515 743 2579 assistere,
758 2514 914 2583 illacrimare,
931 2529 988 2576 net

170 2592 256 2648 risere
276 2592 379 2662 quidem
399 2591 504 2658 diutius,
525 2593 648 2658 dahatur;
666 2591 712 2648 sed
729 2592 884 2664 circumjecti
907 2613 964 2651 cus-

170 2669 246 2724 todes
259 2673 286 2724 et
298 2669 325 2724 iu
336 2688 467 2725 merorem
475 2670 597 2742 cujusque
603 2669 697 2724 intenti
709 2687 815 2741 corpora
820 2671 964 2741 putrefacta

170 2745 373 2812 assectabantur,
387 2745 446 2801 dum
465 2747 492 2802 in
503 2747 613 2802 Tiberim
625 2747 794 2812 traherentur,
806 2747 851 2803 ubi
862 2749 964 2802 fluitan-

169 2824 207 2878 tia
218 2828 266 2878 aut
277 2823 339 2896 ripis
352 2823 457 2894 appulsa
468 2843 519 2878 non
531 2843 642 2880 cremare
654 2825 795 2896 quisquam,
803 2844 855 2880 non
866 2825 963 2879 contin·

169 2919 238 2971 gere.
276 2899 447 2956 Interciderat
459 2902 535 2956 sortis
548 2903 664 2959 humana
676 2903 854 2963 commercium
870 2902 897 2955 vi
912 2911 986 2956 men

169 2985 230 3046 tus;
250 2981 425 3048 quantumque
436 2978 534 3036 saevitia
545 2979 671 3050 ghsceret,
680 2979 809 3039 miseratio
821 2977 961 3034 arcebatur.

198 3075 250 3102 rac.
266 3076 320 3104 coar.
332 3075 349 3106 1.
555 3073 572 3112 ο
