2550 3500
316 380 364 429 uuo
649 369 768 422 TACITI

950 430 1106 487 [aueum

314 491 389 557 vires,
402 492 432 545 ut
443 488 522 561 legati
532 486 697 559 praefectique
715 486 827 542 diversos
844 487 914 543 locos
925 490 1022 559 pariter
1038 488 1108 541 iuva-

291 569 411 629 oderent.
448 566 529 621 Simul
540 582 626 636 regem
637 565 793 619 Antiochum
807 570 894 619 monet
912 565 1042 636 proximas
1058 564 1108 618 sibi

314 646 477 721 prefecturas
489 646 583 714 petere.
620 642 688 697 Nam
699 642 881 697 Pharasmanes
899 642 1038 697 interfecto
1055 641 1109 695 filio

314 725 481 785 Rhadamisto
496 722 568 794 quasi
582 722 719 793 proditore,
738 740 789 793 quo
806 722 881 777 fidem
895 722 924 777 in
934 739 981 776 uos
997 725 1110 776 testare<

314 805 365 868 tur,
378 806 452 857 vetus
464 800 583 855 adversus
595 799 729 854 Armenios
742 799 827 853 odium
844 800 985 871 promptius
1004 816 1110 854 excree-

290 878 367 939 abar.
402 880 523 949 Tuncque
540 877 649 949 primum
666 876 745 931 illecti
760 876 947 948 Iusochi‘geus
965 880 1027 930 ante
1045 877 1109 930 alias

316 956 384 1011 socia
394 955 525 1022 Romanis,
541 955 597 1009 avia
613 954 741 1009 Armenius
757 954 903 1009 incurrerit.
939 954 983 1008 Ita
1000 954 1109 1009 consilia

315 1032 422 1088 Tiridati
433 1032 460 1087 in
477 1032 630 1087 corbanum
642 1030 792 1098 vertebant3
811 1031 978 1101 mittebatque
989 1035 1108 1085 oratores

315 1110 359 1181 qui
371 1128 417 1165 suo
429 1110 631 1180 Parthorumque
647 1108 748 1163 nomine
760 1108 960 1179 expostularent,
973 1125 1021 1163 eur
1038 1107 1107 1161 datis

315 1204 396 1257 nuper
419 1186 548 1242 obsidibus
567 1185 790 1257 redintegrataque
810 1185 927 1250 amicitia,
953 1203 1011 1256 quac
1031 1185 1106 1239 novis

315 1282 416 1335 quoque
427 1264 553 1320 benefieiis
569 1264 653 1319 locum
670 1262 787 1333 aperiret,
800 1267 887 1317 vetere
902 1262 1031 1317 Armenia
1049 1281 1105 1333 pos

292 1342 428 1397 cressione
441 1340 615 1413 depelleretur.
652 1338 716 1394 Ideo
732 1338 845 1393 nondum
861 1339 945 1411 ipsum
958 1338 1105 1411 Vologesen

315 1422 476 1484 commotum,
498 1417 558 1489 quia
580 1434 657 1472 eausa
674 1434 749 1487 quam
766 1415 792 1470 ri
810 1434 886 1487 agere
907 1415 1022 1470 mallent.
1061 1418 1104 1470 Sin

315 1499 472 1566 perstaretur
497 1496 525 1550 in
546 1494 619 1561 bello,
644 1512 695 1549 nou
718 1492 804 1548 delore
827 1492 957 1548 Arsacidis
979 1493 1103 1548 virtutem

291 1572 492 1644 elementumque
504 1572 594 1644 saepius
609 1572 662 1642 jam
674 1569 744 1626 clade
755 1570 872 1625 Romana
887 1572 1026 1641 experturi.
1063 1571 1103 1625 Ad

316 1663 346 1704 ea
358 1650 475 1715 Corbulo,
486 1649 547 1704 setis
560 1651 689 1720 comperte
696 1646 841 1718 Vologesen
853 1645 993 1703 defectione
1006 1648 1103 1720 Hyrea-

315 1726 364 1782 niae
376 1726 484 1793 attineri
498 1722 587 1782 suadet
599 1724 705 1781 liridati
717 1723 833 1797 precibus
846 1724 970 1780 Oesmem
982 1726 1102 1797 aggredi:

315 1821 391 1874 posse
407 1803 444 1858 illi
458 1822 564 1875 regnum
582 1803 673 1858 stabile
688 1807 716 1858 et
733 1819 774 1857 res
790 1802 936 1858 momentus
946 1804 1101 1875 contingere,

316 1880 339 1935 si
356 1881 449 1936 omissa
466 1897 511 1952 spe
528 1880 666 1952 longinqua
682 1883 710 1935 et
729 1897 786 1934 sera
801 1891 951 1950 praesentem
967 1881 1103 1952 potiorem-

270 1965 308 2022 38
317 1975 366 2030 que
378 1962 535 2029 sequeretur.
554 1958 680 2013 Placitum
692 1957 790 2024 dehine,
800 1957 859 2028 quia
869 1957 1070 2013 commeantibus
1077 1960 1103 2012 in

316 2036 396 2092 vicem
408 2036 504 2092 nuutih
516 2035 579 2091 nihil
590 2036 618 2090 in
630 2052 729 2090 summa
745 2035 814 2107 pacis
831 2035 1017 2108 protelabatur,
1030 2037 1103 2092 eollo

293 2113 376 2183 2quio
388 2113 500 2185 ipsorum
511 2117 612 2184 tempus
630 2112 763 2183 locumque
782 2112 909 2167 destinari
944 2113 1018 2168 Mille
1035 2115 1102 2184 equi·

316 2195 371 2246 tum
386 2190 530 2263 praesidium
542 2189 668 2245 Tiridates
686 2189 763 2244 affore
781 2188 829 2244 sihi
846 2189 961 2244 dicebat:
981 2196 1102 2261 quantum

317 2267 455 2324 Corbuloni
482 2267 605 2340 cujusque
634 2266 734 2337 generis
758 2266 868 2320 militum
890 2267 1029 2332 msisteret,
1052 2285 1102 2321 uon

317 2349 436 2410 statuere,
456 2344 516 2400 dum
533 2345 623 2416 positis
641 2343 725 2399 loricis
743 2347 769 2397 et
787 2343 866 2412 galeis
882 2344 910 2398 in
927 2344 1016 2399 faciem
1034 2345 1103 2416 pacis

293 2421 455 2480 oveniratur.
503 2422 652 2492 Quicmque
675 2420 828 2488 mortalium,
852 2421 945 2476 nedum
967 2422 1048 2477 veteri
1076 2425 1102 2476 et

316 2497 422 2568 provido
440 2497 506 2564 duci,
519 2498 631 2554 barbare
650 2499 751 2554 astutiae
768 2499 919 2571 patuissent,
931 2497 988 2553 ideo
1006 2503 1102 2554 aretum

317 2573 376 2629 inda
386 2593 518 2629 numerum
531 2576 604 2640 liniri,
618 2580 645 2630 et
661 2577 722 2631 hinc
737 2577 858 2649 majorem
875 2575 966 2641 afferri,
983 2579 1014 2630 ut
1031 2576 1101 2631 dolus

316 2655 461 2722 pareretur:
479 2669 536 2705 uam
545 2653 625 2723 equiti
637 2653 788 2726 sagittarum
796 2673 845 2708 usu
854 2653 1102 2709 exercitosidateeta

317 2741 422 2798 corpora
444 2726 621 2797 objicerentur,
641 2730 704 2785 nihil
726 2731 884 2802 profuturam
906 2730 1100 2786 multitudinem.

293 2803 484 2861 4Dlssimulato
505 2806 591 2860 tamen
614 2806 753 2874 intellectu,
776 2809 872 2863 rectius
894 2807 926 2862 de
947 2807 1053 2879 iisque
1075 2808 1101 2863 in

316 2881 445 2951 publicum
457 2881 650 2938 consulerentur
660 2884 724 2939 totis
741 2886 894 2941 exercitibus
912 2901 996 2940 eoram
1013 2885 1100 2940 disser-

293 2961 416 3015 caurus
427 2959 564 3031 respondit.
600 2961 749 3034 Locumque
760 2963 854 3036 delegit
865 2964 937 3036 eujus
953 2981 1013 3034 para
1024 2963 1100 3020 altare
