2550 3500
177 454 203 491 A.
213 452 240 491 DI
251 450 293 500 m
395 390 590 438 ANNALIUM
607 389 656 438 VI.¹
670 393 709 449 50,
721 393 760 439 ol.
922 395 969 441 213

134 496 135 569 l
176 502 316 556 Marcellus
334 504 360 556 et
372 501 493 573 Agrippa,
511 520 570 556 mox
588 502 665 557 Caius
682 501 830 573 Luciusque
847 502 968 569 Caesares,

134 590 135 609 ³
176 581 289 652 viguere.
324 580 410 635 Etiam
422 582 502 635 frater
513 581 568 653 ejus
584 581 686 635 Drusus
702 582 860 652 prosperiore
876 582 992 637 civiumt

177 676 262 712 amore
280 661 342 713 erat.
379 658 430 713 Sed
447 658 555 713 maxime
572 658 600 713 in
617 658 715 713 lubrico
738 660 791 731 egit
816 663 920 730 accepta
942 659 971 714 in

176 734 365 789 matrimonium
382 734 459 800 Juliu,
478 734 662 805 impudicitiam
679 736 766 790 uxoris
788 736 900 791 tolerans
924 740 970 791 aut

176 812 313 867 declinans.
361 812 429 867 Dein
451 812 544 867 Rhodo
574 830 706 883 regressus
732 832 824 868 vacuos
850 813 993 884 principis4

176 893 283 959 penates
307 888 439 943 duodecim
460 889 540 956 annis,
564 907 625 943 mox
642 890 681 943 rei
697 890 820 944 Romanae
838 890 970 945 arbitrium

177 966 261 1021 tribus
273 966 353 1020 ferme
365 970 391 1021 et
407 966 499 1037 viginti
516 965 635 1021 obtinuit.
671 966 775 1020 Morum
793 985 893 1038 quoque
907 970 993 1022 tem-5

177 1062 241 1115 pora
260 1042 297 1098 illi
320 1042 436 1097 diversa:
455 1043 585 1115 egregium
602 1044 657 1097 vita
679 1043 803 1115 famaque,
821 1043 905 1115 quoad
921 1044 971 1114 pri-

177 1127 253 1177 vatus
270 1122 312 1176 vel
329 1122 356 1176 in
373 1122 485 1193 imperiis
503 1122 551 1177 sub
572 1123 692 1193 Augusto
709 1122 777 1188 fuit3
795 1123 923 1177 occultum
942 1141 971 1179 ac

178 1198 314 1255 subdolum
337 1199 461 1270 fingendis
484 1198 630 1263 virtutibus,
657 1199 737 1255 donec
758 1200 922 1254 Germanicus
940 1218 970 1255 ac

178 1280 281 1334 Drusus
294 1278 449 1348 superfuere.
485 1277 559 1331 Idem
576 1277 644 1331 inter
659 1278 726 1333 bona
740 1278 856 1348 malaque
875 1279 993 1332 mixtust

179 1355 301 1411 incolumi
320 1359 419 1421 matre3
436 1354 588 1409 intestabilis
608 1355 712 1419 saevitia,
732 1354 777 1409 sed
793 1354 901 1410 obtectis
917 1354 972 1410 libi-

179 1432 289 1497 dinibus,
313 1431 373 1486 dum
398 1432 516 1503 Sejanum
534 1432 624 1487 dilexit
647 1432 780 1486 timuitve:
799 1435 927 1503 postremo
944 1432 973 1487 in

179 1512 277 1567 scelera
294 1511 371 1566 simul
388 1530 418 1566 ao
433 1511 555 1566 dedecora
571 1511 695 1582 prorupit,
713 1514 855 1582 postquam,
873 1513 971 1567 remoto

180 1590 277 1662 pudore
289 1595 316 1645 et
328 1594 406 1657 metu,
419 1608 465 1645 suo
477 1592 579 1643 tantum
590 1589 692 1661 ingenio
704 1588 832 1644 utebatur.
