2550 3500
402 365 595 414 ANNALIUM
616 367 660 415 IV.
676 370 779 416 44—48'.
940 370 1001 415 161.

198 425 427 547 iitiqiiiilarma
449 478 596 549 inciperent,
620 479 712 533 misere
734 480 831 550 legatos
850 478 986 533 amicitiam

197 553 396 625 obsequiumque
414 560 604 623 memoraturus,
617 560 644 611 et
661 575 780 611 mansura
797 556 859 621 base,
878 556 900 611 si
916 555 986 610 nullo

196 648 263 685 novo
287 648 363 685 onere
380 635 555 687 tentarentur:
574 632 615 687 sin
631 636 662 687 ut
679 634 754 688 victis
775 632 906 687 servitium
923 633 986 687 indi-

197 711 306 771 ceretur,
324 726 379 763 esse
396 708 445 763 sibi
459 708 554 763 ferrum
572 713 598 763 et
613 709 781 780 juventutem,
799 713 825 764 et
841 720 986 781 promptum

197 784 311 841 libertati
323 788 367 839 aut
380 785 412 839 ad
429 788 536 840 mortem
550 786 669 841 animum.
706 786 786 841 Simul
800 786 904 841 castella
918 788 1007 859 rupi-5

199 862 246 916 bus
270 861 352 916 indita
375 862 530 933 collatosque
550 864 611 918 illuc
628 868 746 935 parentes
764 867 791 919 et
809 864 929 935 conjuges
947 883 985 919 00-

198 938 340 1003 tentabant,
366 938 507 1010 bellumque
530 940 688 1011 impeditum,
712 941 825 1007 arduum,
852 947 985 996 cruentum

198 1016 387 1071 minitabantur.
424 1018 460 1071 At
485 1016 600 1083 Sabinus,
620 1018 700 1073 donec
717 1019 844 1073 exercitus
862 1019 889 1073 in
906 1022 1029 1079 unum47

199 1093 359 1162 conduceret,
372 1092 437 1147 datia
449 1094 553 1149 mitibus
571 1096 707 1165 responsis,
725 1100 860 1167 postquam
877 1096 986 1166 Pompo

198 1171 255 1225 nius
273 1170 361 1225 Labeo
379 1189 394 1225 e
411 1170 503 1225 Moesia
521 1189 578 1226 cum
601 1172 707 1243 legione,
732 1191 778 1227 rex
800 1173 985 1228 Rhoemetalces

199 1266 256 1303 oum
281 1247 381 1302 auxiliis
405 1248 572 1320 popularium,
594 1250 638 1319 qui
655 1249 799 1304 fidemnon
815 1255 984 1316 mutaverant,

198 1343 297 1390 venere,
311 1324 397 1379 addita
408 1326 528 1397 praesenti
540 1326 612 1397 copia
623 1326 656 1381 ad
671 1327 771 1381 hostem
782 1328 874 1399 pergit,
887 1346 985 1399 compo

199 1404 277 1457 sitnm
287 1402 340 1474 jam
356 1421 402 1474 per
420 1405 551 1475 angustias
568 1404 686 1458 saltuum.
723 1404 834 1463 Quidam
852 1404 1007 1459 audentius2

199 1479 293 1551 apertis
306 1480 333 1534 in
345 1478 450 1535 collibus
463 1480 626 1546 visebantur;
645 1499 708 1551 quos
726 1480 779 1535 dux
790 1481 920 1536 Romanus
933 1484 986 1537 acie

198 1575 350 1629 suggressus
371 1557 439 1611 haud
459 1576 526 1629 agre
548 1558 654 1628 pepulit,
675 1559 799 1629 sanguine
822 1558 985 1614 barbarorum

197 1634 297 1689 modico
321 1633 353 1688 ob
376 1633 517 1705 propinqua
540 1635 656 1706 suffugia.
692 1636 757 1690 Mox
777 1637 866 1691 castris
884 1637 911 1691 in
929 1636 1008 1691 10003

198 1712 359 1768 communitis
371 1712 453 1768 valida
464 1731 541 1768 manu
551 1718 663 1770 montem
678 1718 784 1787 occupat
799 1718 942 1788 angustum,
958 1720 985 1770 et

198 1790 288 1862 aquali
301 1789 375 1844 dorso
387 1789 535 1845 continuum
547 1810 627 1862 usque
640 1791 672 1846 ad
688 1793 829 1863 proximum
844 1793 983 1858 castellum,

198 1867 266 1939 quod
278 1885 369 1938 magua
380 1867 418 1922 vis
431 1873 528 1922 armata
538 1872 583 1924 aut
598 1869 728 1924 incondita
738 1870 865 1925 tuebatur.
904 1870 1009 1925 Simnla

196 1945 225 2000 in
236 1944 411 2010 ferocissimos,
425 1945 468 2015 qui
480 1949 539 2000 ante
557 1946 651 2002 vallum
664 1966 735 2002 more
753 1948 837 2019 gentis
856 1966 914 2002 cum
933 1966 985 2002 car·

196 2021 308 2077 minibus
320 2025 346 2076 et
358 2021 475 2092 tripudiis
487 2022 669 2093 persultabant,
686 2025 766 2079 mittit
779 2022 889 2080 delectos
905 2025 983 2096 sagit

197 2099 328 2154 tariorum.
376 2099 401 2153 Ii
424 2099 484 2153 dum
508 2100 604 2154 eminus
628 2102 816 2172 grassabantur,
841 2101 930 2158 erebra
959 2107 1008 2156 000

196 2175 280 2230 inulta
303 2175 408 2230 vulnera
430 2175 526 2230 secere:
557 2177 661 2248 propius
684 2178 829 2233 incedentes
853 2179 986 2248 eruptione

197 2253 285 2308 subita
295 2253 393 2308 turbati
405 2257 473 2319 sunt,
489 2256 635 2326 receptique
650 2255 762 2311 subsidio
781 2255 929 2327 Sugambrae
947 2275 987 2312 eo·

196 2331 288 2396 hortis,
318 2349 393 2402 quam
422 2331 553 2386 Romrmus
576 2337 718 2403 promptam
743 2333 775 2388 ad
798 2334 917 2405 pericula,
940 2353 988 2390 nec

196 2407 283 2462 minus
307 2412 428 2462 cantuum
448 2411 475 2463 et
498 2427 625 2463 armorum
647 2410 762 2464 tumultu
784 2415 890 2476 trucem,
920 2413 988 2468 baud

195 2485 288 2558 procul
311 2486 473 2542 instruxerat.
510 2487 643 2542 {translata
668 2489 759 2544 dehinc
783 2500 866 2545 eastra
888 2491 1032 2548 hostem48

196 2567 311 2636 propter,
335 2564 430 2618 relictis
454 2563 522 2635 apud
544 2565 629 2636 priora
652 2567 810 2622 munimenta
838 2569 986 2636 Thracibus,

197 2660 263 2712 quos
280 2639 354 2696 nobis
371 2641 472 2696 affuisse
488 2643 630 2698 memoravi.
668 2643 755 2715 Iisque
771 2646 921 2716 permissum
933 2655 1010 2702 ras-2

197 2723 263 2783 tare,
275 2735 357 2784 urere,
373 2718 474 2773 trahere
485 2719 591 2790 praedas,
611 2719 672 2774 dum
687 2722 817 2792 populatio
829 2723 910 2778 lucem
921 2725 989 2778 intra

198 2795 342 2862 sisteretur,
353 2798 504 2866 noctemque
516 2797 543 2850 in
555 2798 645 2852 eastris
657 2802 739 2853 tutam
752 2805 779 2854 et
791 2800 893 2871 vigilem
905 2819 989 2871 capes-

198 2877 294 2928 serent.
330 2872 363 2927 Id
386 2872 467 2944 primo
491 2879 633 2930 servatum:
653 2894 713 2930 mox
729 2878 796 2931 versi
813 2879 840 2932 in
857 2877 944 2930 luxum
963 2883 1011 2932 008

199 2951 281 3020 raptis
293 2950 408 3019 opulenti
419 2950 536 3008 omittere
548 2952 679 3018 stationes,
689 2954 791 3009 lascivia
802 2954 932 3024 epularum
945 2961 989 3010 aut

232 3053 342 3086 rae-rou.
355 3056 371 3085 ι.
585 3045 607 3082 Μ
