2550 3500
190 402 216 439 Δ,
227 401 252 438 Β.
261 400 292 447 69,
301 401 342 450 ω’]
374 340 567 389 ANNALlUM
584 342 655 389 xlv.
668 342 768 390 17-21.
927 340 974 387 ala

190 455 289 504 structa
310 451 384 506 ludos
407 454 449 509 edi
472 453 577 517 solitos;
594 454 636 508 vel
658 452 681 508 si
703 452 844 507 vetustiora
864 454 974 521 repetas,

190 532 300 583 stantem
315 529 437 600 populum
452 530 611 601 spectavisse,
623 548 656 585 nc
671 530 693 584 si
709 528 857 594 consideret,
873 528 975 583 theatro

190 604 244 658 dics
256 610 324 660 totos
335 606 436 677 ignavia
451 608 618 662 continuaret.
656 606 859 677 Spectaculorum
873 604 997 675 quideme

189 682 327 752 antiquitas
339 687 489 749 servaretur,
509 685 625 754 quotiens
642 687 761 754 pretores
778 682 889 749 ederent,
905 681 975 737 nulla

190 759 309 827 cuiquam
320 760 412 814 civium
423 762 573 815 necessitate
581 760 701 815 certandi.
738 760 856 815 Ceterum
868 758 996 815 abolitost

189 835 310 905 paulatim
321 836 417 906 patrios
428 855 510 891 mores
523 836 638 891 funditus
655 836 736 891 everti
751 855 796 907 per
808 834 914 891 accitam
925 836 975 890 las·

189 912 293 978 civiam3
312 917 342 967 ut
353 912 421 982 quod
432 931 539 984 usquam
548 912 674 983 corrumpi
683 916 709 967 et
718 930 877 984 corrumpere
891 916 974 984 queat,

188 988 217 1042 in
228 988 290 1043 urbe
301 989 405 1053 visatur,
418 988 605 1060 degeneretque
622 988 713 1043 studiis
725 990 835 1063 externis
846 990 974 1061 juventus,

188 1065 320 1136 gymnasia
330 1068 357 1119 et
373 1066 427 1119 otia
437 1071 463 1120 ct
479 1071 568 1137 turpes
584 1083 681 1121 amores
699 1066 844 1131 exercendo,
864 1067 975 1137 principe

189 1147 216 1195 et
240 1146 330 1195 senatu
352 1142 504 1207 auctombus,
529 1142 574 1213 qui
594 1160 648 1197 non
667 1141 741 1196 modo
760 1143 886 1197 licentiam
907 1144 975 1199 vitiis

189 1218 355 1289 permiserint,
368 1218 414 1273 sed
425 1219 476 1274 vim
491 1219 644 1284 adhibeant;
661 1236 777 1289 proceres
795 1220 904 1275 Romani
919 1237 975 1291 spe-

190 1295 228 1349 cie
251 1294 390 1349 orationum
415 1300 442 1351 et
464 1297 602 1352 carminum
620 1314 697 1350 scena
719 1296 870 1366 polluantur.
906 1298 998 1357 Quido

190 1388 329 1441 superesse,
352 1372 411 1433 nisi,
424 1376 455 1427 ut
474 1390 580 1443 corpora
600 1390 701 1443 quoquc
721 1371 817 1427 nudent
837 1377 863 1427 et
884 1378 975 1429 cestus

190 1451 326 1512 assumant,
344 1466 436 1519 easque
451 1468 549 1520 pugnas
565 1467 612 1520 pro
623 1448 714 1503 militia
725 1453 752 1504 et
768 1448 843 1503 armis
855 1448 976 1504 mediten-

190 1525 252 1579 tur?
269 1526 312 1578 An
327 1524 448 1595 †J'astitia
465 1528 524 1595 (jer
545 1529 638 1581 coitum
650 1526 673 1595 t)
697 1526 797 1597 augurii
819 1534 845 1580 et
864 1525 999 1589 decmias?

190 1601 304 1672 equiturn
319 1603 450 1673 egregium
462 1601 592 1673 judicandi
607 1620 700 1657 munus
716 1602 867 1672 expleturos,
880 1602 903 1657 si
914 1604 976 1657 irac-

190 1683 313 1735 tassonos
323 1684 350 1735 et
359 1679 517 1736 dulcedinem
525 1698 615 1735 vocum
624 1680 705 1752 perite
714 1678 861 1734 audissent?
880 1680 998 1741 Noctess

190 1776 290 1829 quoque
301 1758 418 1814 dedecori
428 1758 547 1830 adjectas,
563 1776 596 1813 nc
608 1757 677 1829 quod
688 1761 788 1828 tempus
800 1757 892 1828 pudori
903 1758 976 1814 relin-
989 1829 991 1834 Ι

191 1842 290 1904 quatur,
303 1835 349 1890 sed
360 1840 428 1891 coetu
443 1835 575 1908 promisco,
588 1833 657 1906 quod
672 1833 858 1906 perditissimus
870 1835 976 1907 quisque

191 1930 236 1981 per
247 1912 313 1967 diem
329 1913 510 1985 concupiverit,
526 1931 572 1983 per
587 1911 704 1967 tenebras
720 1911 819 1968 audeat.
855 1913 974 1968 Pluribus
983 1919 1017 1976 21

191 1988 246 2058 ipsa
255 1988 357 2044 licentia
368 1990 490 2060 placebat,
504 2007 533 2044 ac
544 1993 630 2044 tamen
641 1989 747 2044 honesta
757 1989 859 2044 nomina
870 1994 976 2060 praeten-

192 2065 291 2120 debant.
327 2067 439 2138 Majores
457 2085 557 2138 quoque
574 2085 626 2122 non
644 2066 802 2122 abhorruisse
820 2067 999 2138 spectaculo-2

191 2161 246 2196 rum
261 2142 449 2199 oblectamentis
464 2162 510 2215 pro
526 2143 629 2198 fortuna
647 2161 702 2213 quae
717 2147 773 2198 tum
789 2147 851 2207 erat,
868 2161 946 2213 eoque
962 2162 978 2198 a

192 2219 280 2274 Tuscis
292 2220 385 2275 accitos
395 2221 537 2284 histriones,
551 2238 567 2273 a
577 2219 678 2274 Thuriis
690 2237 811 2291 equorum
823 2220 959 2274 certamina
969 2240 977 2286 ;

193 2299 221 2350 et
249 2312 363 2365 possessa
391 2296 487 2352 'Achaia
514 2296 626 2366 Asiaque
653 2295 725 2350 ludos
746 2295 857 2350 curatius
887 2295 975 2362 editos,

192 2390 241 2427 nee
252 2390 399 2444 quemquam
410 2373 500 2428 Rornae
511 2373 618 2427 honesto
633 2371 689 2426 loco
701 2376 785 2426 ortum
797 2371 829 2426 ad
841 2372 976 2428 theatrales

193 2453 261 2503 artes
277 2448 474 2521 degeneravisse,
492 2448 608 2504 ducentis
622 2448 675 2519 jam
693 2448 765 2503 annis
781 2466 796 2502 a
812 2448 844 2504 L.
858 2449 977 2505 Mummii

193 2525 327 2596 triumpho,
341 2525 385 2596 qui
396 2527 492 2596 primus
503 2525 530 2581 id
541 2544 622 2597 genus
638 2525 776 2596 spectaculi
791 2525 819 2580 in
835 2526 898 2581 urbe
915 2545 976 2598 pre-

193 2602 283 2658 buerit,
320 2602 412 2657 Sedet
428 2603 571 2658 consultum
587 2601 751 2672 parsimonie,
771 2601 838 2674 quod
855 2608 997 2674 perpetuas

187 2679 268 2735 ‘sedes
275 2677 376 2734 theatro
387 2679 469 2734 locata
484 2680 526 2744 sit,
543 2680 717 2750 potiusquam
733 2679 855 2734 immenso
872 2684 976 2750 sumptu

194 2755 304 2828 singubs
326 2775 373 2827 per
395 2774 474 2810 annos
497 2759 660 2827 consurgeret
681 2773 710 2810 ac
733 2760 881 2812 strueretur.
918 2757 998 2818 Nece

194 2832 294 2905 perinde
316 2834 480 2905 magistratus
502 2852 557 2888 rem
573 2833 719 2888 familiarem
737 2834 911 2896 exhausturos,
930 2841 975 2887 aut

194 2911 284 2983 popula
300 2910 456 2983 efflagitandi
473 2911 561 2966 Graeca
582 2910 720 2966 certamina
730 2909 767 2980 †a
784 2909 975 2982 magistratibus
