2550 3500
289 404 335 451 102
620 404 739 453 Tncm

917 468 952 517 [a
962 468 989 506 o.
999 467 1020 505 c.
1030 466 1071 510 rra.

288 532 363 583 qnam
385 514 456 571 locus
480 518 528 581 est,
553 515 613 570 deos
636 516 783 571 inmortales
806 518 889 571 testor
910 517 1004 571 vixisse
1027 536 1073 584 me,

288 591 380 655 Cacsar,
402 610 459 646 curn
476 592 525 647 fide
544 592 678 647 adversum
695 606 728 658 te,
747 612 829 665 neque
852 594 901 648 alia
917 594 946 648 in
968 599 1074 648 matrem

288 672 358 721 tuam
375 668 486 737 pietate;
505 688 599 740 vosque
623 688 675 735 oro,
694 670 780 725 liberis
797 670 860 725 meis
879 670 1024 735 consulatis,
1042 689 1074 724 ex

288 744 378 814 quibus
405 746 452 800 On.
470 746 530 801 Piso
555 746 854 817 qualicunque-fortuna
876 764 939 801 mere
960 765 1013 801 non
1035 751 1074 801 est

288 819 429 892 adjunctus,
449 842 505 878 cum
524 842 597 877 omne
614 824 663 879 hoc
680 828 781 894 tempus
798 824 826 878 in
843 823 907 878 urbe
928 824 1017 895 egerit,
1035 824 1073 879 M

266 900 347 961 6Piso
365 905 478 971 repetere
497 901 596 971 Syriam
616 900 766 955 dehortatus
790 905 838 955 est.
873 903 961 970 Atque
977 901 1074 955 utinam

287 994 335 1045 ego
356 978 440 1047 potius
458 976 509 1032 filio
524 978 618 1049 juveni,
637 996 713 1049 quam
730 977 772 1031 ille
789 978 857 1047 patri
876 978 931 1031 seni
950 978 1074 1032 cessisset.

287 1056 326 1109 Eo
338 1056 474 1127 impensius
486 1075 581 1127 precor,
594 1075 626 1111 ne
638 1075 701 1111 meae
712 1056 846 1127 pravitatis
858 1074 945 1127 poenas
956 1056 1073 1110 innoxius

201 1196 204 1205 γ
267 1132 348 1188 7luat.
384 1133 435 1187 Per
447 1134 557 1204 quinque
569 1137 596 1187 et
608 1132 775 1204 quadraginta
784 1151 907 1187 annorum
919 1132 1073 1203 obsequium,

287 1228 333 1279 per
345 1210 478 1280 collegium
487 1209 632 1264 consulatus
643 1210 769 1280 quondam
781 1209 839 1263 divo
849 1211 967 1281 Augusto
976 1209 1075 1279 parenti

287 1292 333 1343 tuo
351 1288 479 1359 probatus,
498 1292 525 1343 et
542 1288 590 1343 tibi
607 1289 709 1353 amicus,
728 1306 776 1343 nec
794 1289 927 1359 quicquam
945 1288 1075 1359 posthaec

266 1371 430 1437 srogaturus,
450 1366 557 1421 salutem
574 1365 681 1420 infelicis
705 1365 750 1420 filii
772 1367 861 1437 rogo.’'
896 1366 938 1420 De
955 1365 1076 1419 Plancina

245 1447 279 1501 17
287 1444 350 1498 nihil
359 1442 461 1497 addidit.
497 1443 560 1498 Post
573 1462 628 1513 quae
640 1442 755 1497 'liberius
768 1442 950 1497 adolescentem
970 1442 1075 1497 crimine

288 1520 367 1575 civilis
384 1520 443 1576 belli
454 1521 572 1592 purgavit
582 1540 589 1585 ;
610 1520 700 1591 (patris
712 1520 805 1591 quippe
820 1520 892 1590 jussa
904 1538 951 1573 neo
962 1519 1075 1589 potuisse

287 1600 364 1653 filium
395 1599 563 1667 detrectare3)
589 1598 664 1653 simul
689 1599 847 1654 nobilitatem
873 1598 970 1664 domus,
998 1597 1076 1652 etiam

287 1676 366 1748 ipsius
385 1695 485 1748 quoquo
502 1676 576 1730 modo
594 1676 679 1730 meriti
696 1695 799 1748 gravem
823 1694 909 1730 casum
932 1676 1074 1730 miseratus.

266 1755 338 1809 2Pro
356 1754 476 1808 Plancina
493 1773 550 1809 cum
567 1753 663 1823 pudore
681 1760 707 1808 et
724 1754 821 1825 flagitio
839 1753 965 1818 disseruit,
985 1754 1075 1807 matris

288 1849 374 1903 preces
397 1830 543 1895 obtendens,
569 1830 596 1884 in
622 1849 698 1900 quam
723 1830 813 1900 optimi
837 1831 960 1901 cujusque
984 1831 1077 1884 secreti

266 1912 392 1980 aquestus
413 1907 493 1979 magis
517 1906 688 1961 ardescebant.
724 1907 756 1961 Id
775 1926 836 1978 ergo
853 1908 892 1961 fas
910 1907 980 1972 ariae,
998 1908 1077 1962 inter-

287 1985 415 2040 fectricem
444 1984 544 2055 nepotis
573 1984 691 2054 aspicere,
716 1984 816 2054 alloqui,
842 1984 938 2054 eripere
962 1986 1072 2040 senatui.

289 2061 366 2122 Quod
379 2078 425 2132 pro
438 2060 553 2114 omnibus
570 2059 667 2114 civibus
683 2060 752 2132 leges
764 2061 903 2125 obtineant,
915 2061 961 2115 uni
973 2062 1077 2116 Germa

263 2139 344 2196 anioo
356 2157 407 2192 non
418 2137 562 2208 contigisse.
598 2137 696 2191 Vitellii
714 2142 740 2191 et
757 2137 862 2192 Veranii
878 2155 939 2192 voce
955 2137 1077 2194 defletum

288 2217 420 2280 Caesarem,
438 2214 469 2269 ab
484 2214 634 2285 imperatore
652 2217 679 2268 et
696 2215 817 2285 Augusta
832 2214 960 2269 defensam
977 2215 1077 2271 Planci-

265 2307 352 2353 snam.
388 2291 496 2347 Perinde
510 2309 607 2362 venena
624 2294 651 2344 et
670 2295 737 2345 artes
755 2296 807 2346 tam
828 2292 936 2346 feliciter
957 2297 1076 2363 expertas

286 2374 397 2426 verteret
423 2373 451 2424 in
474 2369 647 2441 Agrippinam,
671 2368 699 2422 in
721 2369 812 2423 liberos
838 2369 910 2438 ejus;
937 2370 1077 2441 egregiam-

287 2467 336 2518 que
359 2447 440 2502 aviam
465 2465 495 2502 ao
520 2450 639 2517 patruum
666 2446 787 2517 sanguine
814 2446 958 2501 miserrimae
985 2447 1077 2502 domus

264 2525 429 2590 persatiarct.
478 2523 589 2578 Biduum
615 2542 692 2594 super
713 2523 768 2577 hcc
793 2521 902 2593 imagine
923 2524 1077 2595 cognitionis

287 2601 455 2673 absumptum,
480 2604 587 2672 urgente
607 2600 708 2656 Tiberio
728 2600 820 2655 liberos
838 2601 946 2666 Pisonis,
966 2605 1078 2656 matrem

264 2679 325 2742 tuti
340 2683 480 2734 tuerentur.
517 2679 552 2732 Et
568 2697 626 2733 cum
638 2681 797 2733 accusatores
815 2697 845 2733 aa
862 2683 942 2733 testes
958 2679 1078 2734 certatim

286 2760 431 2828 perorarent
454 2755 621 2826 respondente
639 2755 717 2820 nullo,
740 2755 869 2810 miseratio
886 2774 962 2826 quam
979 2756 1079 2811 invidia

264 2834 433 2907 saugebatnr.
468 2832 569 2887 Primus
583 2832 734 2887 sententiam
746 2836 851 2903 rogatus
863 2832 982 2887 Aurelius
995 2832 1078 2888 Cotta

287 2911 376 2966 consul
399 2911 476 2981 (nam,
494 2909 619 2964 referente
638 2908 745 2973 Caesare,
764 2910 930 2976 magistratus
948 2927 979 2963 eo
997 2910 1078 2965 etiam
1142 2914 1143 2921 ’

287 3007 391 3044 munere
408 2985 598 3060 fungebantur)
616 3005 708 3042 nomen
725 2987 826 3042 Pisonis
844 2985 981 3041 radendum
1000 2987 1077 3043 fastis
