2550 3500
291 387 324 435 ar
401 355 405 363 ’
628 385 749 434 racrrr
958 445 961 450 ¹

927 449 962 498 [Α.
973 449 1000 488 U.
1010 450 1033 489 0.
1045 449 1092 491 768.

291 494 404 552 fluminis
427 496 503 552 Ateio
527 497 649 568 Capitoni
674 501 701 552 ct
726 498 758 553 L.
777 497 903 553 Arruntio
931 499 1092 556 mandatum.

269 575 413 630 4Achaiam
431 591 460 628 ac
475 573 658 640 Macedoniarn,
676 588 753 629 onera
767 575 939 646 deprecantes,
961 575 1041 631 levari
1064 578 1093 632 in

291 670 401 723 presens
419 651 592 722 proconsulari
612 653 717 722 imperio
733 653 850 724 tradique
871 652 966 707 Gaesari
982 653 1091 724 placuit.

267 729 403 784 tEdendis
422 728 611 801 gladiatoribus,
633 748 696 800 quos
716 730 860 785 Germanici
877 730 965 784 fratris
984 749 1014 786 ac
1040 751 1091 788 suo

290 807 391 862 nomine
421 805 556 873 obtulerat,
586 807 689 861 Drusus
721 807 848 878 presedit,
873 825 1017 878 quanquam
1044 809 1091 865 vili

290 885 413 956 sanguine
424 883 499 939 nimis
511 883 624 956 gaudens
635 906 642 950 ς
663 883 731 954 quod
742 885 770 938 in
781 885 874 955 vulgus
886 884 1088 951 formidolosum,

266 964 316 1017 det
337 967 409 1034 pater
430 961 543 1033 arguisse
564 961 703 1017 dicebatur.
744 962 798 1016 Cur
818 956 970 1017 abstinuerit
985 968 1084 1034 specta

232 1094 234 1102 ,
289 1039 346 1094 culo
366 1040 429 1111 ipse,
449 1039 517 1094 varie
535 1039 690 1104 trahebant3
711 1039 754 1094 alii
775 1039 852 1094 tedio
872 1044 961 1105 cretus,
982 1041 1088 1110 quidam

288 1117 395 1172 tristitia
409 1116 505 1186 ingenii
522 1120 549 1171 et
565 1120 637 1171 metu
652 1116 854 1187 comparationis,
872 1117 932 1187 quia
948 1118 1087 1188 Augustus

264 1194 394 1253 teomter
412 1193 578 1249 interfuisset.
614 1193 676 1248 Non
693 1192 842 1248 crediderim
857 1193 890 1248 ad
907 1194 1087 1250 ostentandam

287 1271 411 1326 saevitiam
422 1269 607 1342 movendasque
616 1270 704 1341 populi
711 1270 861 1326 offensiones
878 1289 1021 1326 concessam
1032 1271 1086 1328 filio

287 1350 425 1416 materiem,
439 1367 583 1420 quanquam
598 1347 625 1402 id
637 1366 738 1419 quoque
756 1347 853 1402 dictrnn
864 1352 912 1403 est.

241 1437 277 1496 77
321 1435 358 1490 At
374 1434 469 1490 theatri
484 1433 593 1498 licentia,
610 1432 726 1503 proximo
742 1433 826 1503 priore
843 1451 909 1488 anno
923 1436 1014 1505 coepta,
1026 1450 1085 1506 gra-

285 1511 342 1567 vius
354 1516 411 1567 tum
420 1511 511 1584 erupit,
525 1511 614 1566 occisis
633 1527 685 1564 non
701 1509 777 1564 modo
788 1528 803 1564 e
814 1510 888 1581 plebe
901 1511 947 1566 sed
958 1511 1082 1568 militibus

286 1592 313 1644 et
325 1590 478 1654 centurione,
490 1589 622 1643 vulnerato
635 1586 739 1641 tribuno
751 1588 875 1657 praetoria
886 1588 1006 1654 cohortis,
1019 1588 1082 1644 dum

285 1666 378 1737 probra
388 1667 416 1722 in
433 1665 598 1736 magistratus
611 1667 638 1718 et
656 1663 837 1719 dissensionem
853 1664 924 1736 vulgi
936 1666 1080 1736 prohibent.

261 1745 381 1800 2Actrnn
397 1744 428 1801 de
440 1762 471 1800 ea
488 1742 611 1799 seditione
628 1740 697 1813 apud
708 1745 801 1813 patres,
814 1741 1013 1815 dicebanturque
1024 1763 1080 1799 sen·

284 1822 372 1878 tentia
389 1826 420 1877 ut
436 1820 588 1894 pretoribns
602 1820 646 1891 jus
662 1819 790 1889 virgarum
806 1820 834 1874 in
848 1820 984 1877 histriones
1002 1827 1078 1878 esset.
1138 1835 1140 1874 ᾗ

260 1898 434 1955 tInterceasit
452 1898 576 1955 Haterius
594 1896 709 1969 Agrippa
727 1897 846 1952 tribunus
864 1898 955 1969 plebei,
972 1898 1078 1971 increpi-

283 1982 377 2049 tusque
388 1980 428 2031 est
439 1976 523 2031 Asinii
542 1974 608 2031 Galli
623 1975 745 2040 oratione,
758 1974 849 2031 silente
866 1975 973 2045 liberio,
986 1978 1029 2048 qui
1047 1997 1078 2033 ca

258 2054 417 2109 dsimulacra
439 2053 565 2110 libertatis
586 2052 687 2107 senatui
709 2052 846 2123 prebebat.
882 2053 972 2108 Valnit
991 2059 1077 2109 tamen

283 2132 440 2201 intercessio,
465 2131 525 2203 quia
548 2130 622 2185 divus
643 2131 779 2201 Angustus
798 2130 924 2185 immunes
943 2130 1076 2187 verbemm

281 2210 417 2267 histriones
434 2210 561 2285 quondam
575 2208 748 2281 responderat,
764 2228 847 2281 neque
863 2211 903 2264 fas
920 2210 1021 2265 'liberio
1038 2212 1075 2265 in·

257 2288 391 2361 stringere
409 2289 478 2345 dicta
491 2289 555 2361 ejus.
590 2287 632 2343 De
644 2286 719 2341 modo
736 2286 828 2343 lucaris
843 2292 870 2342 et
888 2286 1009 2343 adversus
1026 2288 1074 2343 las-

280 2372 370 2429 civiam
385 2374 514 2429 fautorum
529 2372 610 2427 multa
626 2370 812 2438 decernuntur3
837 2390 870 2427 ex
889 2372 946 2442 quis
966 2372 1073 2427 maxime

278 2450 395 2523 insignia,
408 2470 441 2507 ne
453 2451 540 2507 domos
552 2448 766 2521 pantomimorum
777 2453 879 2504 senator
890 2449 1022 2517 introiret;
1039 2468 1072 2504 ne

280 2527 438 2600 egredientes
450 2530 478 2585 in
492 2527 622 2601 publicum
638 2526 737 2597 equites
752 2526 863 2581 Romani
876 2527 1014 2599 cingerent,
1028 2531 1071 2582 aut

279 2606 339 2661 alibi
360 2625 434 2678 qnam
458 2608 486 2662 in
507 2606 609 2661 theatro
633 2607 825 2675 spectarentur3
852 2608 879 2659 et
902 2606 1071 2675 spectantium
1138 2625 1140 2636 ·

139 2750 140 2753 Ἰ
277 2684 466 2741 immodestiam
478 2684 554 2739 exilio
566 2681 691 2738 multandi
702 2685 816 2753 potestas
828 2681 979 2754 pratoribus
991 2683 1069 2738 lieret.

139 2762 140 2765 '
232 2762 269 2826 78
312 2763 445 2835 Templum
462 2767 493 2817 ut
510 2762 538 2817 in
555 2759 653 2815 colonia
668 2759 849 2815 Tarraconensi
865 2765 1008 2815 strueretur
1018 2762 1069 2815 Au-

139 2824 141 2851 *
268 2845 354 2913 gusto
377 2840 523 2914 petentibus
550 2836 675 2909 Hispanis
699 2838 857 2909 permissum,
882 2837 1020 2909 datumque
1041 2838 1068 2893 in

253 2927 364 2975 ²omncs
377 2919 519 2991 provincias
531 2918 683 2987 exemplum.
720 2916 887 2971 Centesimam
898 2935 985 2971 rerum
996 2934 1067 2970 vena·

274 2996 345 3065 lium,
364 3008 423 3071 post
440 2997 506 3053 bella
523 2994 606 3052 civilia
622 2993 774 3059 institutam,
793 2994 945 3065 deprecante
965 2994 1065 3065 populo,
