2550 3500
322 404 353 452 64
541 445 543 452 .
652 400 773 450 Tuom
882 409 893 449 ’,

961 465 987 502 Α.
995 461 1058 503 Μ.
1069 461 1118 504 769.
1137 484 1138 487 =

298 513 442 570 aratorium
454 515 534 578 ratus,
547 513 656 584 equitem
667 512 732 568 vado
740 511 869 569 tramittit.
904 463 1035 568 Prdiuere
1045 513 1120 566 Ster-

320 591 400 644 tinius
416 594 469 646 ete
484 609 590 646 nurnero
605 590 798 662 primipilarium
812 589 939 654 AEmilius,
958 587 1119 644 distantibus

298 667 382 724 310010
401 667 501 733 invecti,
523 672 554 723 ut
574 668 675 723 bostem
695 666 852 723 diducerent.
889 667 950 726 Qua
967 666 1118 722 celerrimus

320 745 408 812 010010,
421 745 587 802 Chariovalda
601 745 654 803 dux
668 746 824 801 Batavorum
839 745 931 816 erupit.
967 745 1118 800 110000100-

318 823 389 878 rusci
407 823 495 894 fugam
515 823 663 879 simulantes
683 823 712 878 iu
731 822 861 894 planitiem
881 821 988 878 saltibus
1006 822 1118 877 circum·

316 899 412 971 jectam
426 905 541 958 traxere:
572 900 631 956 dein
647 900 728 958 coorti
745 904 771 955 et
788 899 900 970 undique
915 899 990 954 effusi
1004 899 1117 954 trudurd

320 977 446 1043 adversos,
459 978 555 1033 instant
567 977 723 1044 cedentibus,
737 978 905 1048 collectosque
916 977 944 1032 iu
955 975 1044 1032 orbem
1055 995 1117 1048 pars

297 1055 456 1125 acongressi
470 1054 571 1125 quidam
587 1055 684 1110 eminus
696 1054 855 1126 proturbant.
891 1053 1060 1109 Chariovalda
1072 1053 1118 1109 diu

320 1135 463 1186 sustentata
477 1131 588 1188 bostium
605 1132 709 1198 saevitia
722 1131 840 1186 hortatus
851 1149 911 1186 suos
923 1134 953 1186 ut
964 1130 1116 1202 ingruentes

320 1213 434 1264 catervas
451 1207 528 1281 globo
550 1209 705 1281 frangerent,
724 1213 802 1280 atque
822 1209 877 1280 ipse
900 1208 928 1264 iu
951 1207 1117 1263 densissimos

319 1287 468 1358 irrumpens,
488 1287 616 1359 congestis
633 1287 692 1342 telis
713 1291 740 1342 01
757 1287 865 1342 suffosso
882 1304 948 1357 equo
961 1285 1065 1352 labitur,
1083 1304 1114 1341 ac

319 1364 395 1420 multi
412 1363 534 1421 nobilium
550 1365 631 1420 cuca:
650 1369 748 1420 ceteros
760 1364 799 1419 vis
815 1381 863 1420 sua
878 1367 924 1419 aut
941 1363 1040 1434 equites
1055 1381 1116 1419 euru
1137 1400 1138 1403 η

321 1443 443 1498 Stertinio
466 1442 620 1514 AEmilioque
651 1443 828 1498 subvenientes
852 1442 965 1513 periculo
987 1460 1114 1498 exemere.

277 1519 405 1581 12Caesar
422 1524 596 1592 transgressus
614 1520 754 1593 Visurgim,
772 1519 865 1576 iudicio
888 1520 1001 1591 perfiagae
1021 1537 1115 1591 cogno

320 1597 368 1652 scit
380 1597 505 1654 delectum
523 1597 554 1654 ab
565 1597 681 1652 Arminio
698 1598 782 1653 locum
798 1616 905 1669 puguae3
924 1596 1071 1652 convenisse
1088 1603 1115 1652 et

320 1675 381 1730 alias
401 1675 516 1730 nationes
539 1675 566 1730 in
589 1674 679 1730 silvam
701 1675 810 1731 Herculi
832 1693 936 1742 sacram,
957 1691 1115 1744 ausurosque

298 1757 471 1810 2nocturnanr
494 1756 635 1809 castrorum
658 1754 879 1826 oppugnationem
915 1752 1014 1809 Habita
1035 1752 1115 1809 indici

319 1830 389 1895 fides,
406 1834 433 1885 et
450 1828 617 1885 censebantur
633 1830 723 1902 igues3
742 1831 921 1904 suggressique
937 1830 1040 1902 propius
1058 1848 1115 1902 spe-

319 1908 443 1963 culatores
461 1907 544 1963 audii
560 1907 692 1966 fremitum
709 1927 832 1980 equorum
848 1908 1015 1979 immensique
1032 1911 1059 1962 01
1077 1909 1115 1963 10-

298 1984 415 2041 sconditi
437 1983 544 2055 agminis
574 2004 689 2041 murmur
712 1987 828 2044 attulere.
864 1986 949 2057 igitur
972 1985 1115 2057 propinquo
1136 2039 1138 2048 ,

318 2080 422 2117 summe
440 2060 477 2117 rei
493 2060 637 2119 discrimine
653 2063 820 2135 explorandos
835 2062 945 2118 militum
963 2062 1058 2119 animos
1075 2083 1114 2117 rn-
1136 2063 1138 2066 ’

317 2143 368 2205 tus,
379 2156 487 2215 quonam
499 2138 526 2194 id
534 2139 609 2195 modo
620 2140 796 2213 incorruptum
807 2141 882 2206 toret,
893 2158 978 2197 secmu
992 2140 1114 2211 agitabat.

295 2216 442 2273 iliibuuos
450 2219 476 2271 et
486 2217 645 2273 centuriones
654 2217 713 2274 laets
721 2219 813 2290 saepius
825 2236 901 2288 quam
912 2222 1114 2288 compertenun-

317 2294 393 2362 tiare;
411 2294 558 2350 libertorum
574 2295 676 2350 servilia
690 2296 804 2367 ingenia;
827 2295 914 2351 amicis
929 2295 1013 2351 inesse
1029 2293 1113 2351 edula

317 2371 424 2437 tionem
443 2370 465 2427 si
477 2371 564 2427 concio
573 2379 686 2439 vocetur,
696 2373 748 2429 illio
758 2391 865 2445 quoque,
876 2391 932 2443 que
942 2373 1017 2444 pauoi
1024 2372 1113 2445 incipi·

295 2452 369 2514 5001,
379 2448 489 2519 reliquos
499 2448 653 2521 adstrepere.
671 2451 779 2507 Penitus
790 2450 929 2506 noscendas
938 2454 1044 2516 mentes,
1052 2469 1113 2507 eum

318 2526 408 2581 secreti
420 2530 447 2580 et
459 2526 607 2583 incustoditi
618 2528 686 2586 inter
697 2528 818 2585 militares
835 2528 904 2583 cibos
921 2546 993 2599 spem
1004 2531 1047 2583 aut
1059 2547 1111 2583 me-

276 2607 371 2664 131000
390 2602 541 2673 proferrent.
578 2604 664 2661 Nocte
682 2611 772 2677 coepta,
790 2624 908 2677 egressus
926 2605 1047 2677 augurali.
1065 2625 1113 2677 per

317 2680 417 2737 occidte
428 2682 454 2735 et
466 2678 585 2750 vigilibus
596 2681 694 2753 ignara
707 2683 799 2739 comita
810 2701 870 2751 uno,
879 2685 1012 2739 contectus
1023 2683 1112 2738 hume-

316 2777 358 2814 ros
371 2757 451 2812 ieriua
459 2756 530 2827 pelle,
541 2757 594 2813 adit
603 2765 744 2815 castrorum
752 2760 815 2826 rias,
823 2760 926 2815 adsistit
934 2758 1109 2827 tabernaculis,

316 2837 460 2906 fruiturque
471 2833 538 2889 famu
549 2835 601 2902 sui;
619 2854 677 2892 oum
688 2837 731 2895 hic
741 2837 899 2893 nobilitatem
908 2837 988 2905 ducis,
997 2838 1111 2895 decorem
1134 2855 1135 2898 i

315 2914 387 2979 alius,
398 2911 499 2983 plurimi
510 2912 667 2983 patientiam,
678 2915 831 2982 comitatem,
839 2934 886 2987 per
895 2916 968 2980 seria,
978 2934 1025 2986 per
1032 2916 1104 2987 jocos

313 2992 423 3053 eundem
440 2988 552 3045 animum
573 2989 691 3049 laudibus
708 2991 812 3058 tenent,
831 2991 1034 3065 reddendamque
1049 3012 1107 3065 gra-
1134 2985 1136 3026 1
