2550 3500
304 360 348 409 156
635 358 755 408 TACITI

277 471 373 527 averit.
411 470 503 527 Cetera
526 470 682 543 principibus
705 469 793 525 statim
816 469 922 535 adosse3
948 489 1028 525 unum
1051 471 1092 525 in-

301 547 450 603 satiabiliter
467 546 612 619 parandum,
630 566 776 619 prosperam
794 548 834 603 sui
851 547 1010 603 memoriam:
1027 566 1093 603 nam

301 630 449 695 contemptu
460 626 534 679 famae
546 627 675 681 contemni
687 627 804 680 virtutes.

256 709 293 763 39
335 704 371 757 At
384 702 490 773 Sejanus
502 702 580 757 nimia
591 704 695 757 fortuna
705 720 799 768 socors,
812 704 839 756 et
855 700 971 756 muliebri
984 701 1094 772 insuper

300 779 416 851 cupidine
436 779 561 845 incensus,
581 780 731 851 promissum
748 778 936 833 matrimonium
955 778 1093 851 flagitante

299 856 380 921 Livia,
398 856 526 927 componit
542 856 574 911 ad
591 857 716 911 Caesarem
734 855 877 911 codicillos:
898 855 975 911 moris
994 854 1093 930 quippe

278 937 354 989 2tnm
375 938 430 989 erat
450 952 593 1005 quanquam
616 937 767 1003 presentem
785 933 881 1003 scripto
902 931 978 987 adire.
1023 933 1092 1003 Ejus

298 1010 357 1065 talis
374 1010 455 1065 forma
472 1011 536 1067 fnit:
557 1011 740 1067 Benevolentia
756 1010 836 1081 patris
854 1009 967 1082 Augusti
983 1013 1009 1065 et
1027 1029 1093 1067 mox

298 1088 412 1159 plurimis
424 1088 518 1143 'liberii
526 1088 628 1160 judiciis
644 1090 682 1143 ita
695 1087 842 1152 insuevisse,
855 1093 886 1143 ut
900 1106 958 1159 spes
975 1091 1093 1159 votaque

299 1184 345 1221 sua
361 1184 414 1221 non
430 1167 500 1237 prius
515 1167 547 1223 ad
563 1167 623 1223 deos
641 1185 716 1238 quam
732 1165 765 1221 ad
779 1165 921 1237 principum
937 1184 1011 1219 aures
1028 1184 1094 1220 con-

276 1245 385 1298 sscrret.
422 1244 513 1315 Neque
530 1244 656 1317 fulgorem
667 1244 792 1299 honorum
809 1261 922 1315 unquam
939 1246 1091 1313 precatum:

299 1319 416 1375 excubias
428 1340 458 1377 ac
469 1320 576 1389 labores,
588 1326 617 1377 ut
629 1340 709 1377 uuum
721 1340 735 1377 e
750 1320 880 1386 militibus,
893 1338 940 1391 pro
956 1320 1092 1375 incolumi-

275 1400 352 1453 4tate
363 1398 521 1469 imperatoris
533 1399 614 1455 malle.
657 1400 781 1453 Attamen
796 1398 864 1471 quod
879 1397 1090 1469 pulcherrimum,

298 1474 423 1547 adeptum,
442 1482 473 1531 nt
494 1477 672 1547 conjunctione
690 1476 796 1531 Cassiis
817 1474 909 1547 diguus
930 1474 1090 1531 crederetur.

275 1552 367 1608 5Hinc
385 1554 486 1609 initium
503 1555 565 1627 spei.
601 1555 636 1611 Et
655 1553 772 1625 qnoniam
790 1552 914 1607 audiverit
935 1553 1091 1624 Augustum

296 1628 324 1685 in
335 1630 479 1687 collocanda
490 1632 541 1687 filie
552 1631 666 1687 nonnihil
678 1632 754 1686 etiam
767 1628 799 1685 de
814 1628 944 1701 equitibus
961 1630 1090 1687 nammis

296 1708 485 1777 consultavisse‚
497 1709 541 1775 ita,
555 1708 576 1768 si
588 1710 694 1764 maritus
710 1708 791 1764 Liviae
803 1712 966 1780 quereretur,
979 1708 1090 1766 baberet

296 1785 323 1840 in
343 1787 426 1842 animo
446 1789 555 1844 amicum
577 1789 631 1844 sola
653 1788 847 1844 necessitudinis
867 1787 949 1859 gloria
968 1807 1089 1844 usurum.

274 1863 357 1918 6Non
374 1865 441 1922 euim
458 1884 550 1921 exuere
567 1866 686 1937 imposita
702 1868 805 1932 munia3
823 1866 886 1920 satis
900 1865 1027 1920 aestimare
1044 1867 1091 1922 lir-

295 1941 358 1996 mari
374 1941 476 1996 domum
494 1942 626 1998 adversum
643 1944 743 2015 iniquas
760 1944 908 2016 Agrippinae
924 1943 1089 2012 offensiones,

295 2017 372 2090 idque
392 2019 528 2076 liberorum
548 2039 640 2076 causa:
669 2040 729 2077 nam
752 2021 802 2077 sibi
825 2022 934 2076 multum
956 2040 1091 2094 superque

249 2097 354 2156 rovira
372 2099 434 2166 fore,
452 2099 520 2170 quod
536 2099 583 2154 tali
600 2118 657 2155 cum
672 2099 785 2172 principe
802 2099 961 2172 explevisset.
997 2100 1040 2154 Ad
1054 2120 1091 2156 ea

295 2174 418 2241 liberius,
430 2175 533 2231 laudata
544 2177 639 2248 pietate
657 2177 742 2248 Sejani
757 2177 860 2249 suisque
871 2178 899 2231 in
916 2195 974 2231 eum
991 2177 1090 2232 benefi-

295 2252 340 2306 ciis
349 2252 446 2309 modice
455 2255 588 2326 percursis,
597 2273 656 2309 cum
667 2259 768 2326 tempus
781 2259 902 2327 tauquam
913 2254 945 2309 ad
957 2255 1090 2325 integram
1143 2290 1144 2315 ;

294 2330 505 2388 consiliationem
524 2333 664 2410 petivisset,
683 2331 807 2404 adjunxit,
824 2333 916 2388 ceteris
932 2332 1088 2389 mortalibus

293 2403 321 2461 in
332 2425 363 2462 eo
375 2413 442 2464 stare
458 2410 562 2466 consilia
577 2410 637 2482 quid
654 2410 703 2465 sibi
719 2410 859 2467 conducere
876 2414 976 2481 putent,
989 2410 1087 2481 princi-

294 2501 355 2554 pum
371 2486 496 2542 diversam
511 2507 567 2544 esse
583 2493 685 2553 sortem,
699 2488 790 2559 quibus
808 2488 935 2559 praecipua
951 2506 1037 2544 rerum
1049 2488 1087 2544 ad

271 2561 386 2622 asamam
405 2563 542 2636 dirigenda
579 2565 642 2620 Ideo
660 2584 688 2620 se
705 2584 757 2620 non
773 2565 833 2620 illuc
854 2565 994 2630 decurrere,
1013 2566 1089 2636 quod

293 2643 440 2710 promptum
462 2642 603 2712 rescriptu3
633 2661 708 2714 posse
731 2643 812 2714 ipsam
834 2642 935 2697 Liviam
958 2646 1086 2710 statuere,

293 2716 439 2772 nubendum
459 2722 518 2788 post
537 2720 652 2774 Drusum
670 2739 703 2776 an
720 2720 748 2775 in
764 2721 899 2792 penatibus
919 2719 1001 2776 isdem
1019 2722 1088 2776 tole-

293 2794 401 2850 randum
419 2793 539 2862 haberet3
558 2814 613 2851 esse
633 2797 671 2852 illi
687 2803 795 2854 matrem
811 2802 838 2854 et
857 2798 945 2863 aviam
964 2799 1088 2869 propiora

271 2872 404 2928 tconsilia.
442 2872 585 2943 Simplicius
597 2878 722 2931 acturum.
758 2877 800 2932 De
815 2875 955 2932 inimicitiis
971 2877 1088 2947 primum

292 2950 447 3022 Agrippina,
461 2968 523 3022 quas
540 2950 616 3024 louge
633 2953 717 3010 acrius
731 2971 840 3020 arsuras,
852 2953 876 3008 si
890 2953 1087 3014 matrimonium

929 389 1146 470 mnem.‘

1144 499 1147 588 l
