2550 3500
137 421 138 424 ,
191 434 305 483 ΑΜ]
397 370 593 418 ANNALIUM
610 370 665 418 XV.
686 372 787 418 10-13.
935 370 982 419 84³

191 485 275 539 missis
287 484 380 538 iterum
393 482 425 537 ud
437 482 606 537 Corbulonem
618 480 743 553 precibus,
756 481 856 537 veniret
867 498 981 553 propere,

191 562 266 633 signu
285 564 313 615 et
327 559 424 631 aquilas
438 564 466 615 et
480 578 574 614 nomen
588 559 714 630 reliquum
731 558 839 614 infelicis
855 560 982 614 exercitus

190 642 325 694 tueretur:
344 655 371 691 se
383 637 458 691 fidem
475 636 585 702 interim,
603 636 683 691 donee
700 636 754 692 vita
771 635 926 707 suppeditet,
944 655 983 691 re·

190 723 316 773 tenturos.
352 714 1031 787 llleinterritus,etpurtecopiarumapudSyriam12

189 796 280 850 relicta
295 797 327 848 ut
343 793 502 847 munimenta
519 792 646 863 Euphrati
666 792 786 863 imposita
803 794 981 859 retinerentur,

134 881 139 944 l
190 891 241 943 qua
252 872 397 943 proximum
415 876 442 924 et
458 869 638 925 commeatibus
655 888 707 923 nou
722 888 838 940 egenum,
854 870 983 941 regionem

190 950 393 1018 Commagenam,
415 946 475 1001 exin
496 946 689 1017 Cappadociam,
709 946 768 1001 inde
788 947 922 1001 Armenios
940 966 982 1017 pe-

135 1087 136 1098 ,
188 1026 257 1081 tivit.
294 1023 488 1080 comitabantur
500 1023 648 1090 exercitum,
658 1028 750 1093 praeter
762 1024 811 1078 alia
823 1030 896 1079 sueta
907 1023 979 1089 bello,
991 1032 1006 1077 2

188 1120 284 1174 magna
294 1100 333 1156 vis
345 1101 496 1155 camelorum
509 1106 602 1155 onusta
613 1100 743 1166 frumenti,
753 1106 783 1155 ut
795 1100 870 1155 simul
882 1101 981 1155 hostem

188 1180 332 1247 famemque
356 1176 501 1247 depelleret.
536 1178 652 1232 Primum
676 1196 691 1232 e
715 1178 838 1248 perculsis
861 1178 1005 1233 Paccium3

188 1254 309 1327 primipili
318 1255 490 1309 centurionem
499 1254 602 1310 obvium
613 1254 712 1319 habuit,
724 1253 782 1309 dein
794 1254 925 1326 plerosque
935 1255 981 1309 mi-

188 1333 283 1397 litum;
301 1350 372 1402 quos,
385 1331 496 1386 diversas
513 1332 582 1403 fuga
599 1350 689 1386 causas
707 1331 882 1396 obtendentes,
899 1331 981 1387 redire

192 1410 309 1481 adsigna
321 1413 348 1464 et
359 1409 518 1464 clementiam
529 1410 595 1465 Paeti
610 1410 719 1481 experiri
735 1409 870 1464 mouebat:
888 1428 916 1463 se
932 1410 981 1463 nisi

189 1488 329 1541 victoribus
350 1486 474 1541 immitem
494 1505 557 1541 esse.
594 1487 676 1541 Simul
696 1505 755 1541 suas
773 1486 885 1557 legiones
903 1486 1006 1551 adiret

188 1564 294 1629 hortari,
313 1564 427 1635 priorum
444 1562 585 1628 admonere,
604 1582 695 1617 novam
714 1563 819 1634 gloriam
838 1563 979 1618 ostendere.

190 1643 253 1698 Non
266 1644 333 1698 vicos
345 1646 390 1697 aut
401 1642 495 1713 oppida
506 1643 692 1707 Armeniorum,
707 1642 752 1697 sed
764 1646 847 1697 castra
865 1642 982 1697 Romana

189 1719 305 1792 duasque
319 1721 347 1776 in
358 1721 390 1776 iis
401 1720 521 1792 legiones,
534 1720 644 1791 pretium
662 1719 755 1775 laboris
773 1720 833 1790 peti.
871 1720 898 1774 Si
914 1720 1004 1792 sing-5

190 1804 242 1858 ulis
259 1803 457 1874 manipularibus
475 1803 601 1874 praecipua
618 1803 712 1858 servati
724 1803 787 1858 civis
799 1821 891 1858 corona
902 1803 981 1874 impe·

189 1882 285 1935 ratoriu
296 1899 374 1935 uranu
385 1880 549 1944 tribueretur,
562 1879 630 1950 quod
647 1879 710 1934 illud
722 1887 748 1934 et
760 1885 883 1950 quantum
896 1879 981 1948 decus,

189 1957 235 2012 ubi
247 1976 292 2028 par
303 1976 390 2011 comm
402 1975 523 2011 numerus
535 1957 698 2027 apisceretur,
708 1958 752 2028 qui
762 1957 907 2012 attulissent
918 1956 982 2012 selu-

189 2037 243 2088 tem
255 2035 339 2103 etqui
351 2034 522 2104 accepissent!
549 2034 599 2088 His
616 2039 694 2105 atque
705 2034 799 2090 talibus
811 2035 838 2088 in
849 2047 1003 2094 communes

190 2110 294 2176 alacres,
303 2113 340 2180 (et
347 2116 420 2165 erunt
427 2129 490 2181 quos
499 2110 609 2181 pericula
616 2113 724 2166 fratrum
732 2115 777 2166 eut
785 2112 982 2182 propinquorum

189 2188 298 2258 propriis
315 2188 425 2242 stimulis
443 2187 624 2255 incenderent)
637 2189 784 2243 continuum
798 2187 843 2242 diu
854 2192 981 2258 noctuque

189 2265 241 2320 iter
254 2264 431 2335 properabant.
461 2265 551 2335 quue
569 2266 694 2320 intentius
711 2265 851 2337 Vologeses
867 2284 981 2336 premere
991 2271 1027 2326 13

190 2341 315 2406 obsessos,
328 2341 403 2395 modo
423 2341 518 2396 vallum
537 2341 673 2412 legionum,
686 2342 761 2397 modo
778 2342 981 2414 castellumque

189 2417 297 2473 imbellis
309 2422 371 2472 oetas
384 2417 574 2483 defendebatur,
585 2437 738 2491 oppugnare,
747 2420 851 2491 propius
863 2419 981 2476 incedens

190 2513 265 2566 quam
273 2513 327 2549 mos
335 2494 446 2560 Parthis,
456 2496 479 2550 si
486 2514 516 2550 ea
522 2498 668 2550 temeritate
675 2497 929 2568 lrosteminpraelium
938 2499 981 2553 eli·

190 2583 267 2634 ceret.
304 2581 341 2634 At
352 2578 390 2634 illi
401 2579 445 2633 vix
456 2579 628 2635 contuberniis
641 2582 757 2647 extructi,
767 2600 815 2637 nec
826 2581 894 2636 aliud
906 2599 1003 2654 quam2

133 2712 134 2717 ,
190 2657 348 2712 munimenta
370 2657 573 2728 propugnabant,
597 2676 657 2728 pars
678 2659 754 2730 jussu
777 2659 857 2725 ducis,
882 2665 909 2714 et
938 2659 981 2714 alii

189 2734 292 2804 propriu
302 2733 410 2804 ignavia,
423 2737 455 2788 ut
467 2733 637 2789 Corbulonem
653 2736 819 2806 opperientes,
834 2754 863 2791 ac
880 2736 918 2791 vis
936 2735 980 2805 †si

190 2811 329 2883 ingmeret,
342 2810 450 2882 provisis
463 2812 583 2882 exemplis
596 2812 687 2867 Caudii
699 2819 725 2868 et
737 2813 891 2868 Numantiae.
928 2812 1002 2876 Nea

191 2907 240 2958 que
251 2885 357 2943 eundem
368 2887 421 2943 vim
436 2888 592 2945 Samnitibus
607 2890 698 2945 Italico
714 2889 808 2963 populo
826 2893 870 2944 aut
888 2889 979 2956 Poenis,

191 2965 301 3022 Romani
311 2964 412 3038 imperii
424 2964 530 3022 aurulis.
565 2966 684 3023 Validam
695 2985 796 3039 quoque
811 2971 838 3022 et
852 2965 1003 3022 laudatum
