2550 3500
216 448 235 486 Δ
253 446 272 486 D
287 447 331 496 ⁶⁸]
422 384 619 433 ANNALIUM
634 384 692 433 XV.
708 386 810 434 oc—ee.
957 386 1004 437 ³⁷3

216 497 276 551 dere
285 495 415 565 cervicem,
426 500 443 525 “
451 496 584 563 Utincm,''
594 497 639 562 ait,
654 503 670 527 “
678 500 709 553 tu
717 500 770 552 tam
778 496 881 552 sortiter
888 494 964 551 ferias
975 494 1004 551 !”

215 575 251 627 Et
262 573 305 628 ille
320 573 429 627 multum
444 577 564 643 tremens,
582 592 639 629 cum
656 574 700 629 vix
715 573 812 629 duobus
824 573 917 628 ictibus
929 577 1027 643 caput8

216 651 406 721 amputavisset‚
423 651 544 705 saevitiam
561 651 627 723 apud
643 652 771 707 Neronem
781 651 894 723 jactavit,
910 650 1005 721 sesqui·

135 749 136 756 ¹
215 727 291 799 plaga
304 726 466 781 interfectum
477 744 493 781 a
504 746 532 782 se
548 727 661 783 dicendo.
697 729 844 783 Proximum
856 727 1004 783 constantia
1012 724 1049 781 68

216 803 359 874 exemplum
378 803 503 874 Sulpicius
521 806 605 876 Asper
619 806 733 861 centurio
749 804 865 877 prebuit,
883 802 1004 876 percunc-

216 882 284 935 tanti
295 881 393 935 Neroni
404 899 450 935 cur
461 881 488 935 in
497 881 590 937 caedem
602 900 674 937 suam
684 883 883 951 conspiravisset,
894 882 1005 937 breviter

216 956 371 1029 respondens
388 975 440 1012 uon
456 957 530 1013 aliter
543 962 585 1013 tot
599 960 703 1031 flagitiis
715 960 769 1030 ejus
788 959 915 1015 subveniri
930 964 1004 1029 potu-

216 1034 275 1089 isse.
310 1034 376 1089 Tum
393 1034 490 1105 jussam
509 1054 608 1106 poenum
624 1036 710 1091 subiit.
747 1036 803 1093 Neo
821 1037 898 1092 ceteri
917 1040 1026 1091 centu-2

216 1112 301 1167 riones
312 1113 339 1167 in
355 1114 525 1185 perpetiendis
538 1115 667 1186 suppliciis
679 1114 870 1187 degeneravere.
905 1116 942 1169 At
953 1134 1005 1169 non

217 1190 303 1245 Faenio
311 1190 382 1245 Rufo
390 1209 437 1262 par
446 1191 552 1258 animus,
565 1192 611 1247 sed
621 1192 813 1248 lamentationes
826 1211 884 1249 suas
893 1192 970 1247 etiem
978 1193 1006 1247 in

217 1271 399 1323 testamentum
411 1268 527 1323 contulit.

252 1344 438 1416 Opperiebatur
457 1346 528 1400 Nero
551 1349 582 1401 ut
602 1347 726 1403 Vestinus
748 1366 848 1419 quoque
869 1346 957 1402 consul
978 1346 1026 1405 ine

217 1422 313 1477 crimen
341 1422 518 1489 attraheretur,
543 1424 682 1479 violentum
710 1428 736 1480 et
763 1424 889 1479 infensum
915 1428 1003 1479 ratus:

218 1498 264 1553 sed
287 1518 319 1554 ex
342 1500 481 1571 conjuratis
504 1501 609 1557 consilia
630 1520 690 1557 cum
710 1502 818 1557 Vestino
841 1519 892 1555 non
915 1500 1005 1556 miscu-

217 1579 290 1631 erunt
315 1576 417 1648 quidam
441 1578 550 1633 vetustis
573 1578 601 1633 in
624 1597 683 1633 eum
709 1578 886 1645 simultatibus,
911 1578 1003 1649 plures,

218 1654 278 1723 quia
295 1653 452 1725 precipitem
470 1658 498 1709 et
515 1654 684 1710 insociabilem
706 1654 848 1710 credebant.
885 1654 1028 1712 Oeterum4

217 1730 316 1786 Neroni
339 1730 425 1786 odium
449 1731 569 1787 adversus
598 1732 734 1788 Vestinum
764 1751 796 1788 ex
818 1731 907 1788 intima
934 1732 1004 1788 soda-

216 1807 290 1862 litate
318 1812 434 1878 coeperat,
459 1809 520 1864 dum
547 1809 589 1864 hic
611 1810 738 1881 ignaviam
761 1811 880 1882 principis
903 1811 1005 1882 penitus

217 1885 345 1956 cognitam
369 1885 484 1957 despicit,
509 1885 551 1941 ille
574 1887 693 1942 ferociam
719 1888 793 1944 amici
815 1887 914 1952 metuit,
939 1906 1005 1958 saepe

217 1962 313 2033 asperis
325 1962 424 2018 facetiis
436 1963 598 2035 illususque
610 1965 655 2020 ubi
666 1965 774 2020 multum
785 1984 817 2020 ex
825 1983 885 2019 vero
896 1968 1003 2030 traxere,

218 2057 303 2094 acrem
323 2039 364 2094 sui
384 2041 527 2095 memoriam
552 2042 706 2112 relinquunt.
742 2043 891 2096 Accesserat
914 2054 1027 2112 repensa

217 2135 301 2182 causa,
315 2116 383 2188 quod
394 2117 517 2172 Vestinus
530 2119 655 2172 Statiliam
668 2119 834 2172 Messalinam
845 2118 1005 2172 matrimonio

217 2194 267 2248 sibi
287 2194 415 2265 junxerat,
439 2193 508 2248 hand
530 2195 630 2250 nescius
653 2195 721 2249 inter
745 2193 872 2248 adulteros
896 2195 950 2265 ejus
978 2197 1005 2250 et

218 2270 345 2324 Gaesarem
368 2288 431 2325 esse.
467 2268 553 2342 Igitur
574 2288 627 2324 non
650 2271 761 2336 crimine,
785 2289 837 2324 non
860 2274 1004 2326 accusatore
1012 2279 1050 2335 69

218 2348 352 2412 existente,
365 2347 425 2418 qnia
440 2347 550 2418 speciem
564 2347 657 2419 judicis
672 2347 776 2402 induere
791 2365 842 2402 non
854 2351 961 2418 poterat,
974 2348 1006 2404 ad

216 2425 270 2478 vim
286 2423 463 2478 dominationis
481 2442 616 2479 conversus
635 2423 794 2479 Gerellanum
805 2424 936 2480 tribunum
948 2444 1006 2481 cum

218 2501 322 2556 cohorte
333 2501 443 2555 militum
459 2501 591 2566 immittit;
607 2501 731 2572 jubetque
747 2502 885 2572 prevenire
900 2507 1006 2558 conatus

137 2616 138 2627 ,
217 2577 336 2643 consulis,
349 2595 471 2648 occupare
480 2577 550 2632 velut
559 2596 642 2632 arcem
651 2578 713 2649 ejus,
727 2579 868 2650 opprimere
880 2579 1005 2634 delectam

215 2655 384 2726 juventutem,
398 2654 458 2724 quia
472 2654 596 2708 Vestinus
610 2655 770 2710 imminentes
787 2656 843 2710 loro
855 2655 920 2712 aedes
933 2656 1006 2711 deco·

216 2750 296 2801 raque
313 2731 416 2786 servitia
436 2735 463 2786 et
480 2732 535 2802 pari
551 2735 628 2787 catate
645 2733 761 2788 habebat.
798 2733 898 2788 Cuncta
915 2751 945 2788 eo
964 2733 1027 2788 die2

216 2808 304 2863 munio
326 2809 436 2864 consulis
462 2809 612 2880 impleverat
635 2809 828 2880 conviviumque
852 2809 1004 2875 celebrabat,

137 2916 138 2951 3
216 2885 280 2941 nihil
298 2889 426 2951 metuens,
450 2903 483 2940 au
506 2885 685 2941 dissimulando
713 2891 790 2952 metu,
815 2903 872 2941 cum
896 2886 1005 2957 ingressi

216 2962 310 3018 milites
321 2962 407 3018 vocari
417 2981 476 3018 eum
487 2981 503 3019 a
513 2963 617 3019 tribuno
628 2963 722 3019 dixere.
757 2962 805 3018 ille
816 2962 881 3017 nihil
892 2961 1028 3026 demorsa
