2550 3500
307 428 353 474 116
642 427 760 475 ricrnr
1143 461 1145 488 ,

935 488 1092 538 [nunna
1143 491 1145 522 ι

306 538 398 609 vulgus
418 536 585 592 obaeratorum
612 543 657 593 aut
680 539 811 593 clientium
834 556 904 592 arma
923 539 1007 609 cepit3
1025 546 1096 608 pete-

306 614 417 685 bantque
434 614 513 669 saltus
530 615 621 685 quibus
638 633 731 669 nomen
746 614 890 682 Arduenna,
908 633 967 669 cum
983 615 1097 686 legiones

307 696 415 761 utroque
427 691 458 746 ab
471 692 595 757 exercitu,
609 710 672 763 quas
684 692 805 748 Visellius
816 696 844 745 et
856 692 887 745 O.
901 692 978 747 Silius
986 692 1098 748 adversis

287 768 440 823 aitineribns
457 768 607 839 objecerant,
633 774 777 823 arcuerunt.
811 769 1011 840 Praemissusque
1036 787 1099 825 cum

309 844 406 900 delecta
422 864 501 899 ruanu
519 846 603 900 Julius
621 846 702 900 Indus
720 865 735 901 e
754 845 857 901 civitate
881 846 975 909 eadem,
1000 846 1099 901 &cors

309 922 384 977 Floro
396 927 422 977 et
433 922 466 977 ob
478 922 505 977 id
521 922 642 976 navandae
658 941 745 993 operae
755 922 859 988 avidior,
870 922 1023 976 inconditam
1034 924 1100 977 mul-
1143 945 1145 1030 p

288 998 445 1053 stitunnem
463 1000 545 1054 adhuc
562 999 670 1068 disjecit.
706 999 797 1053 Florus
813 998 916 1053 incertis
932 998 1034 1053 latebris
1045 999 1101 1054 ric-

309 1082 378 1131 tores
401 1076 539 1130 frustratus
556 1084 693 1147 postremo,
711 1076 774 1129 risis
791 1075 915 1129 militibus
939 1076 983 1145 qui
1005 1076 1102 1146 effugia

310 1153 461 1218 insederant,
475 1171 521 1207 sua
529 1172 606 1207 manu
618 1152 717 1207 cecidit.
747 1152 828 1222 Isque
838 1152 965 1206 'l'reverici
972 1152 1102 1208 tumultus

266 1233 304 1289 43
311 1230 375 1284 finis.
411 1230 488 1301 Apud
500 1230 600 1285 AEduos
612 1230 692 1301 major
702 1229 782 1283 moles
793 1233 890 1293 exorta,
902 1234 998 1299 quanto
1009 1230 1103 1285 civitas

312 1307 454 1378 opulentior
465 1311 492 1362 et
511 1305 691 1379 comprimendi
706 1306 795 1376 procul
811 1306 963 1377 presidium.
998 1307 1104 1377 Angus-

311 1384 442 1450 todunnm‚
471 1388 547 1455 caput
570 1385 662 1455 gentis,
688 1383 790 1438 armetis
814 1383 960 1438 cohortibus
985 1384 1105 1440 Sacrovir

312 1466 478 1533 occupaverat
490 1466 516 1516 et
528 1461 709 1516 nobilissimum
726 1460 863 1515 Galliarum
878 1460 999 1525 subolem,
1010 1460 1106 1516 libera-

312 1538 378 1595 libus
390 1538 481 1594 studiis
499 1538 535 1593 ibi
550 1542 687 1609 operatam,
705 1541 736 1591 ut
752 1554 783 1592 eo
798 1538 904 1609 pignore
915 1543 1032 1609 parentes
1044 1557 1107 1609 pro

291 1616 470 1687 2pinquosque
490 1634 579 1670 eorum
602 1614 760 1686 adjungeret.
796 1614 878 1669 Simul
900 1633 977 1680 arma,
1001 1615 1107 1671 occulte
1143 1641 1145 1654 ·

313 1694 441 1759 fabricata,
453 1692 581 1765 juventuti
592 1691 716 1762 dispertit.
747 1691 924 1764 Quadraginta
933 1692 1012 1748 millia
1022 1691 1108 1762 fuere,

314 1771 402 1842 quinta
413 1771 453 1824 sui
464 1774 536 1841 parte
548 1770 692 1841 legionariis
710 1770 795 1835 armis,
811 1770 890 1824 ceteri
901 1788 959 1825 cum
971 1769 1109 1828 venabulis

291 1852 340 1903 tet
352 1847 447 1914 cultris,
460 1865 564 1918 quaque
577 1847 626 1901 alia
634 1847 785 1902 venantibus
797 1847 850 1902 tela
858 1851 927 1902 sunt.
962 1846 1111 1904 Adduntur

313 1943 328 1978 e
351 1923 460 1978 servitiis
478 1923 626 1994 gladiaturae
644 1923 773 1990 destinati,
791 1924 883 1995 quibus
905 1941 976 1979 more
1000 1925 1112 1995 gentico

313 2001 460 2056 continuum
472 2001 533 2055 ferri
544 2001 674 2072 tegimen:
693 2005 869 2071 cruppellarios
878 2005 979 2067 vocant,
992 2001 1113 2058 inferen-

291 2078 352 2133 adis
364 2077 457 2133 ictibus
467 2077 598 2145 inhabiles,
611 2078 761 2149 accipiendis
769 2077 980 2150 impenetrabiles.
1016 2080 1115 2150 Auge-

313 2155 405 2211 bantur
417 2174 453 2210 eae
465 2155 542 2225 copia
554 2155 693 2210 vicinmum
706 2155 839 2210 civitatum
849 2160 880 2209 ut
891 2154 1003 2210 nondum
1015 2163 1116 2227 aperta

313 2233 483 2298 consensione,
500 2233 538 2286 ita
554 2233 650 2287 viritim
666 2233 789 2304 promptis
805 2231 906 2298 studiis,
922 2236 949 2286 et
965 2234 1115 2290 certamine

313 2309 407 2364 ducum
424 2311 613 2376 Romanorum
632 2328 696 2381 quos
712 2309 779 2364 inter
794 2308 977 2380 ambigebatur,
993 2314 1117 2381 utroque

313 2385 405 2441 bellum
425 2387 473 2442 sibi
490 2391 618 2459 poscente.
655 2387 720 2441 Mox
734 2386 828 2450 Varro,
847 2385 973 2441 invalidus
993 2392 1117 2457 senecta,

268 2468 307 2522 44
313 2463 410 2535 vigenti
421 2463 483 2518 Silio
495 2463 628 2520 concessit.
665 2464 702 2517 At
721 2463 810 2518 Rcrnae
821 2480 875 2516 non
888 2462 1011 2518 lbereros
1029 2464 1117 2520 ruodo

313 2544 340 2596 et
352 2539 457 2606 AEduos,
465 2540 511 2596 sed
523 2545 646 2612 quattuor
657 2543 683 2594 et
695 2540 830 2610 sexaginta
838 2539 975 2595 Galliarum
987 2540 1118 2598 civitates
1143 2570 1145 2577 ·

314 2617 455 2683 descivisse,
475 2622 618 2689 assumptos
637 2620 665 2672 in
683 2617 832 2672 societatem
848 2617 996 2682 Germanos,
1014 2617 1119 2676 dubias

315 2695 459 2766 Hispanias,
484 2701 582 2759 cuncta,
606 2698 637 2748 ut
660 2712 715 2749 mos
737 2694 819 2762 fama,
844 2694 872 2750 in
894 2695 976 2766 mrrjus
999 2695 1118 2753 medita
1143 2752 1144 2757 ,

292 2773 433 2844 20ptimns
442 2770 549 2842 quisquc
561 2770 715 2841 reipublice
727 2789 788 2826 cura
799 2771 934 2827 maerebat:
952 2771 1037 2840 multi,
1050 2773 1120 2830 odio

313 2849 474 2922 presentium
488 2852 515 2902 et
531 2848 649 2919 cupidine
668 2849 825 2916 mutationis,
848 2849 901 2904 suis
921 2867 1023 2920 quoque
1043 2853 1121 2920 peri-
1143 2876 1145 2929 p

313 2927 376 2984 uilis
398 2924 566 2991 letabuntur3
590 2924 803 2998 increpabantque
825 2926 962 2992 (liberium,
986 2927 1061 2996 quod
1087 2928 1122 2983 in

312 3008 385 3060 tauto
400 3022 485 3059 rerum
501 3006 574 3058 motu
591 3001 683 3059 libellis
697 3008 874 3060 accusatorum
888 3003 1031 3058 insumeret
1051 3021 1122 3074 ope·
