2550 3500
415 377 611 425 ANNALIUM
628 376 683 426 XV.
704 377 804 429 17-21.
956 379 1003 429 847

127 481 128 484 ,
214 439 326 500 anea]

213 496 240 544 et
257 490 406 544 brevitatem
422 488 564 559 adoptionis
581 493 737 545 enumerant.
775 488 842 544 Satis
860 490 936 560 pretii
947 504 1025 549 ossea

213 566 281 621 orbis
305 565 372 637 quod
390 566 472 620 multa
489 568 634 633 securitate,
654 568 730 622 nullis
748 566 867 623 oneribus
886 568 1001 637 gratiam,

213 643 329 708 honores,
342 647 434 698 cuneta
445 646 562 714 prompta
576 648 603 698 et
620 644 695 699 obvia
710 644 840 699 habereut.
877 644 931 700 Sibi
945 650 1026 716 pro-4

213 721 291 775 missa
305 720 391 791 legum
409 719 452 774 diu
470 718 605 791 expectata
618 721 647 775 in
661 721 797 777 ludibrium
812 721 885 790 verti,
903 721 1003 793 quando

127 829 128 834 =
214 798 279 869 quis,
292 798 346 852 sine
360 796 532 852 sollieitudine
548 816 648 868 parens,
668 799 722 854 sino
738 799 810 855 luotu
826 798 911 864 orbus,
928 798 1004 870 longa

213 880 316 947 patrum
326 879 387 929 vota
397 878 502 945 repente
509 874 660 946 adaequaret.
696 876 802 932 Paetum
815 895 847 932 ex
858 895 888 932 eo
901 880 1025 934 senatus5

213 951 359 1008 eonsultum
375 970 408 1007 ne
426 952 545 1007 simulata
560 952 664 1024 adoptio
681 953 709 1008 in
733 954 785 1009 ulla
802 960 874 1026 parte
891 954 1004 1009 muneris

214 1029 309 1101 publici
317 1029 427 1100 juraret,
440 1047 470 1085 ae
484 1048 518 1085 ne
535 1029 688 1101 usurpandis
705 1030 806 1103 quidem
820 1030 1003 1087 hereditatibus

232 1106 355 1161 rodesset.

128 1190 129 1205 ¹
214 1125 232 1179 p
250 1183 318 1239 Exin
330 1182 450 1238 Claudius
465 1183 613 1239 hirnmohos
630 1184 761 1240 Cretensis
779 1203 838 1240 reus
854 1185 947 1258 agitur,
963 1188 1048 1245 oe-ao

214 1260 278 1315 teris
297 1260 451 1329 criminibus,
468 1265 500 1315 ut
519 1261 602 1316 solent
622 1261 752 1332 pravalidi
768 1262 959 1332 provincialium
976 1266 1003 1317 et

215 1337 306 1408 opibus
317 1337 402 1392 nimiis
415 1337 447 1392 ed
459 1338 566 1410 injurias
577 1338 704 1393 minorum
720 1337 797 1393 elati:
815 1356 867 1393 una
882 1357 932 1393 vox
947 1340 1003 1412 ejus

214 1433 297 1485 usque
308 1413 341 1468 ad
352 1414 529 1469 oontumeliam
541 1419 645 1470 senatus
657 1418 842 1487 penetraverat,
856 1415 924 1487 quod
932 1416 1004 1471 dioti-

214 1491 297 1546 tisset
319 1491 347 1546 iu
370 1508 417 1545 sua
439 1495 567 1562 potestate
590 1492 669 1547 sitnm
689 1510 722 1547 au
741 1491 940 1563 proconsulibus,
960 1493 1004 1563 qui

216 1568 319 1624 Cretam
337 1568 515 1633 obtinuissent,
539 1573 628 1640 grates
649 1574 792 1641 agerentur.
830 1570 914 1629 Quam
934 1580 1026 1625 osea-2

215 1646 312 1702 sionem
332 1646 420 1701 Paetus
441 1646 552 1700 Thrasea
569 1646 605 1701 ad
624 1646 720 1701 boumn
742 1646 872 1718 publicum
893 1650 1002 1714 vertens,

214 1726 350 1796 postquam
362 1722 394 1778 de
402 1741 446 1779 reo
455 1724 724 1796 eensueratprovineia
733 1724 812 1780 Creta
821 1723 1003 1795 depellendum,

214 1803 269 1858 haee
281 1801 377 1856 addidit
386 1807 447 1856 :—“
454 1802 513 1856 Usu
523 1802 657 1872 probatum
677 1806 724 1868 est,
742 1803 833 1858 Patres
851 1802 1002 1874 Conseripti,

129 1884 130 1901 ¹
214 1879 284 1951 leges
296 1878 419 1951 egregias,
432 1878 547 1949 exempla
557 1878 665 1934 honesta
678 1879 746 1951 apud
761 1880 841 1936 bonos
859 1897 891 1934 ex
905 1879 1003 1934 deliotis

216 1956 323 2012 aliorum
345 1956 423 2028 gigni.
460 1956 503 2011 flio
525 1960 655 2012 oratorum
678 1957 781 2012 lieentia
800 1957 912 2012 Cinciam
932 1969 1027 2028 rogat

214 2034 319 2099 tionem,
338 2033 529 2089 eandidatorum
548 2034 658 2090 ambitus
679 2034 761 2090 Julias
777 2034 854 2107 leges,
871 2034 1004 2106 magistra·

215 2117 290 2167 tunm
302 2111 407 2166 avaritia
417 2111 555 2182 Calpurnia
569 2112 634 2166 soita
650 2115 810 2183 pepererunt.
846 2111 914 2166 Nam
930 2111 1027 2183 eulpat

129 2226 130 2231 ,
216 2207 292 2260 qnam
314 2206 388 2259 poena
409 2192 524 2259 tempore
546 2189 623 2260 prior,
649 2187 777 2244 emendari
800 2206 875 2259 quam
900 2206 1004 2259 peooaro

215 2265 343 2336 posterius
366 2268 414 2320 est.
458 2265 530 2336 Ergo
553 2265 674 2320 adversus
697 2283 789 2320 novam
813 2265 1025 2336 provincialiuma

215 2342 359 2414 superbiam
370 2342 475 2413 dignum
486 2342 536 2397 fide
547 2343 739 2411 oonstautiaque
751 2343 867 2397 Romana
875 2343 1003 2413 eapiamus

206 2419 355 2487 eonsilium,
373 2437 424 2491 quo
438 2420 527 2475 tutela
544 2420 670 2474 soeiorum
686 2419 749 2474 nihil
767 2419 911 2492 derogetur,
929 2420 1003 2476 nobis

215 2497 300 2569 opinio
312 2497 424 2563 dmdat,
443 2497 524 2568 qualis
540 2497 647 2568 quisque
662 2497 792 2563 habeatur,
808 2497 867 2552 alibi
885 2516 960 2569 quam
975 2499 1003 2554 in

215 2576 309 2631 nivium
325 2574 421 2646 judioio
442 2593 505 2630 esse.
541 2575 608 2629 Olim
630 2574 732 2646 qudem
749 2593 801 2629 uon
817 2575 892 2631 modo
909 2580 1045 2646 praetor2l

216 2656 261 2708 aut
272 2651 361 2708 oonsul
378 2651 423 2706 sed
440 2651 533 2722 privati
552 2652 629 2707 etiam
648 2651 822 2718 mittebantur,
840 2653 884 2724 qui
904 2653 1003 2724 provin·

216 2730 268 2786 eias
283 2729 394 2784 viserent
408 2732 443 2794 et,
456 2729 518 2800 quid
535 2728 567 2784 de
587 2729 710 2801 cujusque
728 2729 848 2800 obsequio
866 2729 1001 2796 videretur,

215 2808 354 2874 referrent;
373 2805 583 2877 trepidabantque
601 2810 691 2878 gentes
708 2805 739 2861 da
753 2806 939 2862 existimatione
953 2806 1003 2861 sin-

216 2885 341 2958 gulorum.
377 2885 414 2938 At
425 2901 494 2938 nuno
509 2883 615 2938 oohmus
633 2887 752 2938 externos
768 2888 795 2938 et
811 2882 957 2949 adulamur;
976 2886 1025 2943 eta

216 2962 342 3035 quomodo
353 2960 386 3016 ud
397 2966 489 3016 nutum
500 2961 606 3033 alicujus
617 2965 712 3033 grates
724 2961 762 3016 ita
775 2959 916 3032 promptius
932 2977 1003 3016 anou-
