2550 3500
208 474 230 513 Α
242 472 266 511 ὓ.
278 472 321 521 η]
418 411 613 461 ANNALIUM
631 414 684 461 111.
701 416 802 462 61-65.
949 415 995 463 127

206 522 325 577 civitates
346 540 408 593 quas
432 524 577 589 memoravi,
599 524 669 596 apud
685 526 838 597 Pergamum
857 524 996 595 AEsculapii

205 602 367 669 compertmn
390 598 487 671 asylum
510 600 682 657 rettulerunt:
704 608 802 658 ceteros
825 601 939 657 obscuris
962 601 995 656 ob

204 680 364 733 vetustatem
387 676 467 731 initiis
490 676 546 731 niti.
599 678 667 734 Nam
698 680 840 751 Smymaeos
867 678 1021 735 orcculumt

204 752 342 825 Apollinis,
361 753 433 824 cujus
456 752 561 825 imperio
580 755 744 810 Stratonicidi
761 756 856 811 Veneri
872 755 996 827 templum

204 830 355 896 dicaverint,
369 830 461 885 'lenius
478 831 591 901 ejusdem
604 850 705 888 carmen
722 832 824 900 referre,
836 850 886 904 qno
898 851 996 888 sacrare

205 907 328 979 Neptuni
351 908 457 979 effigiem
478 907 606 979 aedemque
621 910 687 981 jussi
705 910 764 965 sint.
800 910 923 981 Propiora
941 910 1020 965 Sar-5

205 984 314 1041 dieuos:
340 984 480 1040 Alexandri
494 986 598 1040 uictoris
617 986 645 1041 id
664 986 765 1041 donum.
801 988 893 1059 Neque
912 978 997 1043 minus

204 1062 325 1117 Milesios
337 1061 417 1117 Dario
428 1080 488 1133 rege
499 1062 555 1117 niti.
584 1062 634 1118 Sed
647 1063 730 1119 cultus
742 1064 873 1119 numinum
881 1064 1021 1134 utrisquet

205 1139 319 1195 Dianam
331 1142 376 1193 eut
387 1140 529 1211 Apollinem
540 1140 684 1197 venerandi.
720 1143 812 1197 Petere
824 1148 851 1197 et
863 1142 997 1198 Cretenses

205 1216 344 1272 simulacro
367 1214 420 1271 divi
442 1218 562 1289 Augusti.
598 1219 728 1291 Factaque
752 1223 855 1275 senatus
882 1220 1021 1278 wnsulnr

206 1293 266 1365 quis
284 1292 366 1347 multo
383 1311 441 1348 cum
458 1294 553 1350 honore
568 1295 660 1351 modus
677 1300 763 1351 tumen
780 1295 996 1367 proscribebatur,

204 1370 324 1443 jussique
344 1370 406 1441 ipsis
426 1370 454 1425 in
477 1372 579 1443 templis
603 1372 682 1444 figere
708 1390 766 1437 aera,
794 1372 940 1427 sacrandum
966 1373 999 1427 ad

206 1447 364 1579 meqqrriam
376 1466 427 1502 neu
443 1448 526 1519 specie
542 1449 671 1521 religionis
677 1450 707 1504 in
723 1448 890 1521 ambitionem
900 1450 999 1505 delabe-

207 1542 256 1580 ren
301 1564 307 1577 .

246 1600 300 1656 Sub
322 1601 390 1657 idem
413 1604 514 1673 tempus
538 1602 616 1657 Julioe
639 1604 766 1674 Augustae
789 1602 902 1658 valitudo
926 1606 1046 1661 atro164

207 1678 423 1735 necessitudinem
434 1679 543 1752 principi
553 1680 614 1735 fecit
626 1680 741 1736 festinati
752 1681 780 1737 in
790 1680 880 1736 urbem
893 1680 998 1749 redimis,

209 1759 309 1816 sincera
332 1757 414 1814 adhuc
431 1759 499 1814 inter
515 1764 623 1814 matrem
639 1760 770 1832 filiumque
787 1761 927 1826 concordia,
946 1761 1000 1816 sive

209 1837 317 1894 occultis
329 1837 402 1892 odiis.
438 1838 530 1910 Neque
542 1839 609 1892 enim
620 1839 702 1893 multo
714 1843 780 1904 ante,
794 1858 852 1894 cum
863 1839 931 1894 haud
942 1850 1022 1911 pro-2

210 1914 253 1970 cul
264 1915 365 1970 theatro
377 1914 494 1970 Marcelli
505 1915 611 1986 effigiem
623 1915 682 1970 divo
694 1917 810 1988 Augusto
818 1917 836 1971 J
836 1916 887 1971 ulia
895 1915 998 1981 dicaret,

210 1991 308 2047 Tiberii
326 2009 419 2046 nomen
438 2010 485 2047 suo
505 1992 715 2063 postscripserat3
733 1993 810 2064 idque
825 1993 868 2049 ille
883 1993 1001 2049 credeba-

209 2071 263 2134 tur,
276 2072 306 2123 ut
317 2069 424 2124 inferius
435 2069 569 2141 majestate
580 2069 709 2141 principis,
722 2070 793 2142 gravi
805 2074 832 2126 et
844 2070 1001 2125 dissimulata

210 2146 350 2202 offensione
373 2144 506 2201 abdidisse.
544 2145 594 2200 Sed
613 2150 671 2201 tum
693 2147 817 2220 supplicia
839 2147 881 2202 dis
898 2145 1022 2218 ludique3

209 2223 299 2294 magni
322 2222 353 2278 ab
372 2227 462 2278 senatu
483 2221 661 2289 decernuntur,
680 2242 744 2294 qnos
761 2223 893 2295 pontifices
911 2227 938 2278 et
958 2242 1000 2278 au·

209 2318 290 2372 gures
306 2303 333 2355 et
349 2299 547 2371 quindecimviri,
560 2300 720 2370 septemviris
739 2300 815 2354 simul
832 2305 859 2355 ct
873 2299 1000 2356 sodalibus

209 2376 406 2448 Augustalibus,
426 2375 538 2432 ederent.
574 2377 715 2431 censuerat
732 2377 764 2431 L.
777 2376 905 2448 Apronius
916 2382 948 2432 ut
964 2378 1023 2433 ie·4

209 2453 286 2510 tiales
299 2472 399 2526 quoque
411 2453 442 2508 iis
453 2451 520 2508 ludis
532 2453 704 2524 praesiderent.
736 2453 896 2509 contradixit
906 2455 1014 2521 Casan·

210 2531 335 2588 distincto
347 2530 544 2586 sacerdotiorum
558 2531 616 2602 jure
635 2534 662 2584 et
673 2530 789 2600 repetitis
803 2532 938 2603 exemplis:
956 2551 1001 2589 ne-

210 2627 262 2681 que
271 2608 339 2664 enim
348 2626 460 2679 unquam
471 2607 600 2662 fetialibus
609 2607 658 2662 hoc
666 2607 899 2678 majestatisfnisse.
938 2609 1023 2668 Ideor

209 2684 369 2758 Augusteles
389 2683 509 2756 adjectos,
525 2683 584 2756 quia
599 2684 731 2755 proprium
745 2684 799 2757 ejus
816 2684 905 2741 domus
920 2704 1001 2741 sacer-

210 2761 312 2818 dotium
336 2765 412 2827 esset,
436 2779 482 2830 pro
500 2779 551 2833 qua
567 2766 628 2816 vota
644 2761 855 2832 persolverentur.
889 2758 1001 2832 Exsequi
1008 2767 1046 2821 65

211 2839 354 2895 sententias
368 2836 437 2892 haud
448 2837 556 2903 institui,
569 2837 619 2893 nisi
630 2837 742 2910 insignes
753 2857 799 2910 per
810 2839 945 2894 honestum
956 2843 1001 2891 aut
1147 2852 1150 2861 ·

211 2915 320 2973 notabili
343 2915 484 2981 dedecorc;
502 2914 572 2988 qnod
594 2916 749 2987 praecipuum
766 2934 858 2970 munus
875 2913 1002 2968 annalium

213 3011 280 3062 teor,
292 3012 325 3050 ne
336 2993 446 3052 virtues
458 2992 587 3060 sileantur,
599 2996 681 3064 utque
692 2992 777 3064 pravis
792 2991 867 3047 dictis
878 2989 1003 3086 factisque
