2550 3500
305 360 352 408 272
637 354 756 403 TACITI

944 420 968 459 A.
978 420 1006 459 U.
1015 421 1039 461 C.
1048 421 1092 463 ΒΜ.

295 468 400 541 templo
412 486 547 533 censuere;
564 469 657 538 prater
668 470 766 522 anetam
775 420 943 522 adulationeni
954 469 1015 534 loeti,
1025 471 1095 542 quod

304 546 446 603 Domitium
456 544 623 600 Corbulonem
632 544 770 599 retinenda
779 546 905 600 Armenia
913 554 1095 617 prapoauerat,

271 624 486 693 ·2videbaturquc
503 622 573 676 locus
590 621 729 677 virtutibus
746 622 897 693 patefactus.
933 623 1020 694 Copiae
1037 626 1096 681 Cri-

305 702 372 757 entis
390 702 428 755 ita
445 698 599 765 dividuntur,
618 704 649 753 ut
666 718 725 770 para
742 699 901 755 auxiliarium
918 718 977 755 cum
994 700 1096 757 duabus

304 778 445 851 legionibus
469 776 536 848 apud
558 776 713 847 provinciam
733 777 831 848 Syriam
854 782 881 832 et
903 778 1017 850 legatum
1037 780 1096 851 ejus

306 855 466 916 Quadratum
486 854 645 909 Ummidium
667 859 816 920 remaneret,
840 872 886 925 par
903 856 997 910 civium
1013 860 1097 913 accio

305 951 412 1004 rumque
434 948 554 987 nomenis
578 931 716 987 Corbuloni
735 936 811 997 esset,
833 931 925 987 additia
946 934 1096 990 cohortibus

284 1010 408 1081 odisque,
422 1028 478 1081 quae
490 1008 649 1081 Cappadocia
657 1008 808 1064 hiemabant.
844 1010 911 1065 Socii
922 1028 1003 1083 reges,
1016 1023 1096 1083 prout

305 1087 371 1142 bello
394 1086 552 1153 conduceret,
571 1104 660 1157 parere
680 1086 753 1157 jussi.
790 1085 841 1140 Sed
859 1086 945 1142 studia
960 1106 1050 1143 corum
1066 1090 1096 1144 in

284 1163 476 1227 cCcrbulcncm
490 1164 646 1235 promptiora
656 1167 737 1218 erant.
774 1163 828 1222 Qui
843 1170 873 1218 ut
885 1164 958 1219 famae
969 1166 1095 1234 †inaervi·

305 1245 352 1307 ret,
367 1260 423 1313 quae
440 1242 468 1297 in
478 1241 550 1297 novia
562 1239 815 1312 creptisralidissima
823 1244 871 1307 cat,
883 1241 974 1297 itincre
986 1262 1095 1315 propera

233 1326 235 1331 ’
306 1318 428 1385 confecto,
441 1318 508 1389 apud
517 1318 610 1389 AEgeaa
623 1317 752 1373 civitatem
761 1317 858 1373 Cilicia.
866 1318 967 1373 obvium
977 1320 1095 1379 Quadra-

305 1400 362 1451 tum
379 1396 483 1463 habuit;
501 1395 561 1451 illuc
578 1413 747 1467 progrcsm
772 1413 812 1461 ne,
826 1395 857 1451 -ai
880 1395 913 1450 ad
935 1397 1094 1467 accipiendae
1140 1449 1141 1454 ,

307 1474 392 1546 copias
413 1474 511 1547 Syriam
531 1473 677 1528 intravisset
698 1472 817 1539 Corbulo,
834 1474 947 1528 omnium
961 1492 1007 1529 cra
1021 1475 1052 1529 in
1065 1494 1095 1531 se

307 1554 418 1607 verterat
430 1569 533 1621 corpore
549 1551 646 1622 ingena,
661 1550 745 1605 verbis
760 1551 899 1623 magnificis
917 1554 1037 1623 ctuupcr
1050 1572 1095 1607 cx-

307 1628 456 1701 pericntiam
467 1628 666 1699 sapientiamque
677 1628 754 1682 etiam
769 1628 852 1699 specie
863 1628 976 1683 inanium
987 1629 1095 1685 validus.

282 1708 429 1767 aceruum
451 1711 560 1778 uterque
583 1705 615 1761 ad
632 1705 776 1779 Vologesen
792 1726 879 1780 regom
895 1707 992 1763 nuntiis
1008 1727 1095 1764 mone-

307 1785 376 1850 bant,
400 1803 487 1856 pacem
511 1802 586 1855 quam
608 1783 703 1838 bellum
720 1784 813 1853 mallet,
830 1785 946 1856 datisque
963 1785 1095 1842 obsidibus

308 1862 407 1917 solitam
426 1861 550 1933 prioribus
573 1862 741 1916 reverentiam
761 1863 789 1917 in
807 1863 931 1934 populum
948 1863 1096 1920 Romanum

285 1939 474 2002 acontinuarct.
510 1939 546 1994 Et
565 1938 714 2011 Vologeses,
733 1957 784 2010 quc
802 1939 896 1995 bellum
912 1958 943 1995 ex
961 1941 1096 1997 commodo

307 2021 415 2088 pararet,
428 2035 461 2072 an
471 2019 502 2072 ut
509 2015 675 2072 aemulationis
682 2022 813 2088 auspcctcs
822 2035 868 2088 per
875 2035 969 2073 nomen
976 2018 1096 2074 obsidum

308 2098 443 2160 amoveret,
462 2093 541 2149 tradit
559 2093 728 2149 nobilissimos
744 2111 778 2150 ax
795 2095 890 2149 farnilin
904 2095 1096 2151 Arsacidarum.
1140 2122 1141 2127 ¹

285 2173 464 2244 ¹3'Accepitquc
475 2190 518 2227 eoa
536 2171 651 2228 centurio
668 2171 789 2238 lnateius,
806 2171 838 2227 ab
856 2172 986 2229 Ummidio
1002 2174 1098 2229 missus

308 2251 374 2306 forte
397 2250 481 2322 priore
504 2249 535 2304 dc
558 2267 642 2314 causa,
666 2249 736 2304 adito
758 2266 827 2321 rega
862 2249 940 2309 Quod
959 2255 1099 2322 postquam

309 2327 447 2382 Corbuloni
458 2327 587 2399 cognitum
599 2331 647 2392 est,
659 2325 697 2381 ire
708 2325 856 2397 praefectum
867 2327 979 2382 cohortis
990 2329 1100 2382 Arrium

286 2404 406 2458 4Varum
417 2409 444 2459 ct
455 2423 603 2476 recuperare
618 2403 718 2459 obsides
727 2403 809 2476 jubet.
844 2404 916 2460 Hinc
926 2408 1009 2460 crtum
1028 2405 1100 2461 inter

308 2481 455 2551 prefectum
468 2486 494 2536 et
506 2481 679 2536 centurionem
694 2481 806 2553 jurgium
822 2499 855 2536 nc
868 2481 966 2536 diutius
983 2484 1100 2538 externis

309 2557 452 2628 spectaculo
464 2561 539 2627 essct,
551 2557 684 2612 arbitrium
695 2559 733 2613 rei
743 2558 873 2614 obsidibus
884 2559 1035 2630 legatisque,
1052 2562 1101 2632 qni

286 2650 352 2696 teca
375 2632 507 2699 ducebant,
531 2635 690 2705 permissum.
725 2636 811 2707 Atque
830 2635 868 2690 illi
889 2635 945 2706 †cb
967 2641 1101 2692 recentem

308 2709 420 2782 gloriam,
442 2714 469 2764 ct
492 2711 653 2766 inclinatione
671 2713 779 2782 quadam
798 2713 872 2768 ctiam
894 2713 1014 2779 boatium,
1035 2714 1100 2770 Cor-

284 2787 425 2851 ebulonem
443 2788 584 2857 praetulere.
620 2789 696 2844 Unde
714 2789 839 2846 discordia
851 2791 918 2844 inter
934 2789 1020 2859 duces,
1036 2810 1101 2862 quc-

307 2869 380 2919 rentc
391 2863 521 2918 Ummidio
532 2869 657 2935 praarepta
668 2884 725 2936 quae
735 2869 789 2922 auia
806 2867 916 2922 consiliis
933 2869 1098 2938 patravisset,

308 2945 419 2996 testante
430 2944 519 2998 contra
530 2941 671 2997 Corbulone
688 2960 740 2996 non
753 2944 824 3015 priua
842 2961 991 3000 conversum
1006 2963 1099 3017 ragam
