2550 3500
300 335 348 383 316
631 335 750 385 TAClTl

871 364 908 448 [A.
916 399 945 440 il.
953 400 976 439 0.
985 400 1032 448 818,
1041 400 1089 441 814.

301 463 350 515 que
361 448 388 503 et
400 448 484 518 puniti
494 450 554 503 sunt
571 446 615 517 qui
626 446 709 517 specie
721 446 836 502 amicitie
852 446 938 503 dolum
952 450 1090 520 parabant.

279 522 358 579 6Nec
369 525 449 579 multo
460 530 518 596 post
529 523 607 595 legati
623 523 803 595 Tigranocerta
813 524 883 582 missi
895 528 982 596 patere
992 527 1092 581 moenia
1140 538 1141 595 ζ

301 600 416 667 afferunt,
433 602 545 657 intentos
562 600 695 671 populares
713 600 745 655 ad
760 600 845 672 jussa:
864 600 939 656 simul
960 602 1091 673 hospitale

279 674 401 744 idonum,
418 696 535 733 coronam
550 696 658 743 auream,
676 676 819 733 tradebant.
854 678 1011 750 Accepitque
1027 698 1090 734 eum

300 753 395 811 honore
403 778 411 822 ;
428 754 620 825 necquicquam
635 753 693 809 urbi
709 754 858 821 detractum,
877 772 927 826 quo
942 757 1090 826 promptius

256 827 293 880 25
301 830 447 903 obsequium
464 831 559 903 integri
574 830 719 887 retinerent.
755 832 792 886 At
802 831 953 902 presidium
963 830 1090 903 †legerat

302 908 448 981 (reptaret),
460 908 527 980 quod
538 908 610 963 ferox
619 908 741 979 juventus
753 907 884 974 clauserat,
901 924 952 963 non
966 908 1007 963 sin
1019 926 1091 964 ecer-

300 986 394 1039 tamine
411 989 583 1057 expugnatum
603 988 658 1043 est:
676 1003 735 1039 nam
756 988 782 1039 et
802 984 917 1055 praelium
936 1002 982 1055 pro
1005 986 1090 1040 muris
1140 990 1141 1051 l

302 1062 358 1117 ausi
374 1066 453 1129 erant,
472 1066 506 1128 et,
525 1061 592 1135 pulsi
609 1060 677 1117 intra
693 1062 856 1128 munimenta,
873 1061 961 1133 aggeri
983 1060 1089 1117 demum

278 1140 328 1193 tet
340 1138 532 1209 irrumpentium
542 1138 617 1194 armis
629 1156 734 1193 cessere.
771 1138 835 1197 Quae
847 1137 945 1193 facilius
955 1138 1088 1211 provenie-

301 1214 370 1283 bant,
382 1216 441 1286 quia
451 1214 540 1270 Parthi
557 1214 678 1287 Hyrcano
694 1213 759 1269 bello
777 1213 970 1269 distinebantur.
1006 1214 1086 1269 Mise-

300 1296 409 1363 rautque
431 1292 545 1363 Hyrcani
565 1290 598 1346 ed
620 1290 758 1361 principem
776 1290 919 1347 Romanum
938 1291 1087 1347 societatem

301 1372 409 1434 oratum,
427 1368 530 1424 attineri
546 1386 563 1422 a
578 1386 606 1423 se
622 1368 766 1439 Vologesen
783 1385 829 1439 pro
847 1368 952 1439 pignore
970 1368 1086 1423 amicitia

280 1448 466 1501 tostentantes.
500 1444 552 1503 llos
568 1443 738 1516 regredientes
755 1443 873 1510 Corbulo,
889 1463 921 1499 ne
936 1444 1086 1517 Euphraten

302 1522 453 1594 transgressi
475 1521 586 1578 hostium
609 1520 732 1577 custodiis
754 1520 1002 1587 choumvenirentur,
1025 1521 1085 1577 dato

302 1598 417 1669 prasidio
429 1598 461 1653 ed
468 1598 544 1654 litora
553 1598 629 1653 maris
641 1598 722 1653 Rubri
733 1597 844 1664 deduxit,
854 1598 921 1655 unde
928 1598 1016 1654 vitatis
1024 1598 1085 1653 Par·

258 1675 405 1733 26thorum
421 1674 512 1731 finibus
530 1678 624 1748 patrias
645 1677 673 1731 in
689 1676 761 1731 aedes
779 1694 928 1731 remeavere.
965 1676 1036 1735 euin
1058 1678 1084 1731 et

301 1755 431 1810 Tiridaten
442 1773 487 1826 per
499 1753 591 1808 Medos
603 1757 717 1809 extrema
728 1754 854 1810 Armenia
865 1753 1010 1820 intrantem,
1023 1773 1083 1825 prae·

303 1837 381 1892 misso
392 1855 451 1891 cum
467 1837 567 1892 auxiliis
577 1837 706 1892 Verulano
717 1837 808 1910 legate,
821 1841 899 1908 atque
910 1838 965 1909 ipse
980 1837 1084 1909 legioni·

303 1912 351 1968 bus
363 1913 428 1982 citis,
440 1913 508 1968 abire
523 1914 613 1984 procul
627 1932 657 1970 ao
676 1933 747 1986 spem
762 1914 821 1970 belli
836 1914 953 1970 emittere
967 1915 1082 1987 subegit;

304 2008 417 2061 quosque
438 1989 510 2046 nobis
528 2008 628 2046 aversos
646 1991 735 2046 animis
753 1995 911 2064 cognoverat,
930 1991 1041 2047 caedibus
1058 1995 1083 2046 et

303 2067 424 2122 incendiis
448 2065 635 2138 perpopulatus,
660 2067 843 2138 possessionem
865 2067 992 2123 Armenia
1014 2087 1083 2122 usur·

303 2144 396 2216 pabut;
414 2162 472 2200 curn
483 2143 584 2199 advenit
592 2143 721 2216 Tigranes,
731 2143 857 2199 aNemne
866 2143 898 2198 ad
906 2143 1084 2214 capessendum

303 2219 1084 2368 ttttthfflt,ltptlttttrthlthttt

282 2383 384 2444 2usque
395 2373 427 2428 ed
438 2373 553 2429 servilem
565 2374 712 2446 patientiam
728 2371 859 2428 demissus.
894 2371 950 2428 Nec
962 2391 1083 2428 consensu

303 2454 429 2520 acceptus,
445 2450 552 2506 durante
567 2449 633 2520 apud
652 2448 773 2520 quosdam
790 2449 875 2504 favore
892 2448 1081 2504 Arsacidarum:

304 2530 333 2581 at
344 2526 455 2597 plerique
471 2526 613 2597 superbiam
628 2526 780 2581 Parthorum
796 2525 886 2596 perosi,
904 2524 992 2581 datum
1007 2527 1083 2581 aRo·
1140 2587 1141 2610 Χ

281 2603 383 2658 amanis
400 2621 486 2674 regem
502 2603 636 2658 malebant.
672 2601 795 2657 Additum
811 2605 837 2657 et
855 2602 1004 2672 presidium,
1017 2603 1083 2658 mille

303 2680 439 2752 legionarii,
452 2684 505 2735 tres
517 2681 640 2736 sociorum
654 2679 769 2734 cohortes
785 2678 890 2750 duaque
906 2678 1020 2749 equitum
1031 2679 1081 2744 ala,

281 2768 354 2828 tquo
362 2757 460 2812 facilius
468 2774 560 2811 novum
573 2774 679 2828 regnum
690 2759 813 2810 tueretur.
838 2755 902 2810 Pars
910 2753 1041 2820 Ameria,
1053 2759 1082 2810 ut

303 2835 394 2905 cuique
409 2834 523 2900 finitima,
534 2831 699 2888 Pharasmani
710 2832 888 2903 Polemonique
900 2835 927 2886 et
939 2831 1083 2886 Aristobulo

188 2959 193 2968 .
280 2914 380 2982 eatque
390 2911 516 2966 Antiocho
527 2928 614 2982 parere
628 2908 707 2980 jussa
719 2912 786 2964 sunt.
822 2907 932 2964 Corbulo
943 2907 971 2962 iu
988 2907 1083 2979 Syriam
1140 2945 1141 2982 r
