2550 3500
304 363 351 412 256
639 362 758 408 TACITI

303 475 382 529 ritum
411 476 567 544 exutumque
596 472 691 543 campis
719 471 889 527 Mithridaten
916 420 1098 542 obiripliilitssiii

304 551 435 606 castellum
448 551 566 615 Gorneas,
579 552 665 604 tutum
677 550 732 604 loco
743 547 894 620 aepraesidio
903 548 1020 612 militum,
1033 548 1097 618 quis
1142 545 1144 606 l

306 629 398 683 Caelius
415 628 496 683 Pollio
514 627 656 699 praefectus,
681 626 795 681 centurio
819 626 954 696 Casperius
977 632 1096 696 praerat.

283 706 378 760 eNihr'l
400 709 453 759 tam
476 705 592 777 ignarum
615 704 728 759 barbaris
753 722 828 775 quam
850 702 1054 757 machinamenta
1069 705 1097 756 et

305 786 376 837 astus
388 782 620 853 oppugnationum:
639 784 667 835 at
682 781 755 835 nobis
767 799 798 835 ea
808 798 866 851 pars
877 779 973 834 militia
984 779 1097 833 maxime

283 881 297 927 5
305 878 384 931 gnara
400 863 447 914 est.
483 858 526 913 Ita
543 858 725 913 Rhadamistus
742 858 839 913 frustra
860 857 902 912 rel
919 875 978 911 cnm
1002 855 1097 911 damno

305 936 411 991 tentatis
436 935 616 990 munitionibus
640 934 766 989 obsidium
788 934 897 1005 incipit;
921 936 949 988 et
971 951 1032 988 cum
1055 934 1097 988 ris

304 1013 483 1083 negligeretur,
502 1012 633 1067 avaritiam
650 1010 764 1082 praefecti
781 1014 931 1075 emereatur,
947 1009 1097 1065 obtestante

306 1088 425 1160 Casperio
448 1105 481 1143 ne
505 1088 587 1143 socius
610 1107 663 1153 rex,
688 1106 722 1143 ne
745 1087 867 1143 Annenia
889 1087 984 1141 donum
1006 1087 1097 1157 populi

284 1166 421 1231 6Romani,
435 1166 528 1221 scelere
540 1169 566 1220 et
578 1165 685 1235 pecunia
696 1169 864 1220 verterentur.
888 1164 1023 1218 Postremo
1035 1163 1097 1235 qnia

305 1242 493 1299 multitudinem
504 1242 616 1297 hostium
627 1242 716 1307 Pollio,
727 1242 799 1313 jussa
809 1240 889 1312 patris
901 1239 1094 1305 Rhadamistus,

306 1318 483 1385 obtendebant,
496 1312 585 1391 pabtus
596 1318 710 1373 inducias
730 1318 851 1383 abscedit,
868 1320 906 1383 ut,
919 1317 969 1372 nisi
986 1317 1095 1372 Pharas

305 1415 397 1452 manen
412 1396 478 1451 bello
497 1395 682 1461 absterruisset,
702 1396 732 1450 Τ.
751 1394 909 1451 Ummidium
932 1394 1096 1453 Quadratum

306 1473 529 1545 praesidem'Syriae
541 1472 649 1538 doceret,
667 1491 717 1543 quo
734 1473 763 1527 in
774 1476 845 1527 statu
861 1472 989 1527 Armeniae
999 1472 1093 1526 forent.

261 1552 432 1623 denigrare
443 1550 596 1605 centurionis
608 1549 678 1605 velut
690 1549 795 1605 custode
814 1548 940 1614 exolutus,
957 1549 1094 1620 prefectus

307 1627 403 1683 hortari
418 1627 588 1682 Mithridaten
603 1626 636 1681 ad
651 1626 814 1682 sanciendum
832 1626 923 1692 soedus,
938 1626 1095 1697 conjunctio

307 1723 365 1760 nem
376 1704 485 1760 fratrum
502 1723 531 1760 ee
547 1704 656 1776 priorem
674 1708 750 1760 aetate
765 1704 953 1760 Pharasmanen
968 1708 996 1759 et
1009 1708 1095 1759 cetera

307 1781 519 1837 necessitudinum
531 1781 633 1836 nomina
643 1781 762 1847 referens,
772 1781 841 1852 quod
851 1782 928 1837 liliam
938 1781 994 1852 ejus
1004 1781 1034 1836 in
1045 1799 1095 1836 ma·

307 1859 426 1913 trimonio
443 1858 554 1924 haberet,
574 1858 642 1930 quod
664 1860 718 1930 ipse
738 1859 904 1914 Rhadamisto
927 1877 1000 1914 socer
1017 1863 1094 1914 osset.

286 1935 370 1992 2N0n
381 1934 490 1990 abnuere
501 1954 586 2006 pacem
599 1935 695 2002 Iberos,
706 1955 850 2008 quanquam
862 1937 891 1992 in
906 1939 1020 2006 tempore
1036 1936 1096 1990 vali-

309 2013 408 2080 diores;
426 2016 453 2068 et
471 2013 532 2067 satis
550 2013 677 2085 cognitam
695 2014 873 2069 Ameniorum
892 2013 1030 2084 perfidiam,
1049 2032 1095 2068 nce

310 2090 379 2146 aliud
390 2089 495 2146 subsidii
507 2109 583 2160 qnam
595 2090 727 2146 castellum
743 2095 884 2147 commeatu
900 2109 1017 2163 egenum.
1054 2091 1095 2146 Ne

289 2168 437 2224 3dubitarot
445 2167 519 2222 armis
528 2167 672 2223 incruentas
681 2168 837 2226 conditiones
846 2169 926 2223 malle.
952 2169 1096 2224 cunctante

310 2245 342 2300 ad
360 2265 390 2300 ea
403 2245 561 2311 Mithridate,
579 2247 605 2300 et
621 2246 746 2316 suspectis
764 2247 878 2317 praised
893 2246 1013 2312 consiliis,
1029 2246 1096 2318 qnod

309 2323 423 2393 pellicem
434 2323 529 2394 regiam
540 2323 664 2394 polluerat
672 2322 749 2394 inque
756 2341 856 2379 omnem
863 2324 993 2380 libidinem
1001 2323 1096 2380 venalis

309 2399 457 2465 habebatur,
471 2400 605 2471 Casperius
617 2399 720 2454 interim
731 2399 764 2455 ad
774 2400 962 2456 Pharasmanen
973 2401 1096 2472 pervadit,

287 2479 390 2548 surque
401 2477 470 2533 Iberi
481 2477 577 2534 obsidio
589 2478 711 2534 decedant
720 2479 872 2551 expostulat.
907 2479 956 2534 Ille
966 2480 1097 2551 propalam

310 2555 407 2610 ineerta
421 2559 447 2610 et
464 2557 555 2627 sapius
570 2556 685 2612 molliora
699 2556 861 2628 respondens,
879 2557 984 2612 seeretis
1000 2557 1097 2613 nuntiis

310 2634 397 2686 monet
408 2631 602 2688 Rhadamistum
614 2635 829 2706 oppugnationem
838 2639 939 2706 quoduo
947 2634 1024 2690 modo
1036 2633 1097 2690 cele

289 2713 375 2764 orare.
410 2709 528 2779 Augetur
544 2710 635 2780 flagitii
655 2729 760 2778 meroes,
781 2716 808 2767 et
823 2711 904 2768 Pollio
924 2711 1028 2768 occulta
1045 2730 1097 2768 oor-

311 2785 428 2856 rnptione
445 2785 551 2856 impellit
569 2787 669 2852 milites,
688 2792 719 2842 ut
741 2807 830 2860 pacem
852 2789 997 2861 flagitarent
1020 2808 1097 2860 seque

289 2861 454 2932 epraesidium
477 2862 612 2917 omissuros
636 2864 820 2921 minitarentur.
863 2867 923 2925 Qua
944 2867 1097 2922 necessitate

312 2938 475 2994 Mithridates
487 2939 553 2994 diem
564 2939 697 3012 locumque
714 2942 803 2998 foederi
820 2943 925 3014 accepit,
942 2944 1096 3016 castelloque
