2550 3500
195 453 255 492 m.
264 452 295 499 Π,
305 451 347 503 is]
411 389 607 439 ANNALIUM
625 391 662 438 11.
675 392 780 439 52—65.
955 389 987 441 ⁷7

194 503 307 574 pontidis
324 502 455 574 angustias
472 505 499 557 et
514 519 543 556 cs
559 501 696 556 Ponticum
710 501 798 565 intrat,
811 498 929 571 cupidine
944 517 987 555 ve·

193 584 263 634 teres
286 579 354 633 locos
379 583 405 633 et
429 579 497 633 fame
519 579 658 634 celebratos
681 577 817 643 noscendi;
841 581 987 648 pariterque

193 656 336 728 provincias
354 655 461 711 internis
478 656 657 711 certaminibus
673 660 720 710 aut
736 655 932 727 magistratuum
948 655 986 709 in·

190 733 267 804 juriis
279 733 359 787 fessas
375 731 513 788 refovebat.
548 734 634 803 Atque
650 732 722 787 illum
737 732 765 786 in
780 750 898 803 regressu
916 743 1009 789 sacrat

195 810 388 864 Samothracum
400 810 482 866 visere
493 810 616 864 nitentem
628 809 697 864 obvii
713 808 841 880 aquilones
858 809 985 880 depulere.

193 887 282 958 Igitur
299 886 368 941 adito
385 886 434 942 Ilio
450 905 556 958 quaeque
573 886 608 941 ibi
626 887 749 941 varietate
764 885 873 940 fortune
888 889 914 940 et
930 903 988 940 nos·

193 964 231 1018 tri
249 963 347 1034 origine
367 963 516 1029 veneranda,
537 964 628 1034 relegit
649 963 744 1028 Asiam
765 962 918 1034 appellitque
938 963 987 1017 Co-

194 1039 312 1112 lophona,
337 1044 367 1094 ut
391 1040 470 1096 Clarii
493 1040 617 1111 Apollinis
640 1040 743 1096 oraculo
764 1043 889 1095 uteretur.
925 1039 1010 1099 Nous

194 1117 290 1172 femina
306 1117 365 1182 illio,
381 1124 412 1172 ut
429 1117 497 1188 apud
511 1117 633 1188 Delphos,
649 1116 696 1171 sed
712 1116 790 1172 certis
804 1134 820 1171 e
833 1115 942 1182 familiis,
959 1121 986 1170 et

194 1194 275 1248 ferme
290 1192 383 1248 Mileto
399 1194 502 1260 accitus,
516 1193 632 1248 sacerdos
650 1211 782 1248 numerum
797 1192 873 1247 modo
889 1193 987 1248 oonsul-

194 1271 306 1325 tantium
323 1274 350 1324 ct
367 1271 469 1325 nomina
485 1270 575 1336 audit;
595 1275 652 1324 tum
671 1269 699 1324 in
718 1287 822 1340 specum
842 1269 985 1341 degressus,

194 1346 289 1402 hausta
299 1346 378 1401 fontis
390 1348 476 1402 arcani
487 1365 559 1417 aqua,
569 1347 673 1420 ignarus
685 1346 831 1417 plerumque
843 1345 986 1401 litterarum

195 1429 222 1480 et
232 1423 380 1488 carminum,
393 1423 446 1478 edit
455 1441 576 1495 responsa
583 1423 699 1478 versibus
707 1422 854 1492 compositis
863 1440 940 1493 super
948 1441 986 1477 re

194 1501 244 1557 bus
256 1519 319 1570 quas
332 1502 389 1571 quis
401 1505 487 1556 mente
499 1501 623 1572 concepit.
647 1501 684 1555 nt
693 1498 824 1554 ferebatur
836 1499 1007 1560 Germanicos

194 1597 242 1650 per
254 1577 379 1648 ambages,
392 1581 423 1632 ut
435 1595 489 1632 mos
506 1577 621 1642 oraculis,
635 1581 763 1631 maturum
778 1575 884 1630 exitium
906 1576 986 1631 cecin-

195 1655 254 1710 isse.
278 1655 315 1710 At
325 1655 371 1709 Cn.
385 1654 453 1720 Piso,
467 1672 517 1725 quo
528 1654 705 1726 properantius
713 1652 844 1732 'destinata
854 1652 1028 1724 inciperet,55

195 1733 325 1789 civitatem
338 1731 529 1787 Atheniensium
542 1729 646 1787 tmbido
657 1731 758 1786 incessu
770 1729 918 1786 exterritam
930 1748 985 1785 ora-

195 1810 265 1865 tione
274 1822 344 1864 saeva
354 1809 476 1880 increpat,
489 1808 590 1879 oblique
606 1808 783 1863 Germanicum
800 1806 983 1879 perstringens,

196 1887 264 1959 quod
284 1890 373 1942 contra
393 1884 470 1942 decus
491 1886 601 1941 Romani
621 1885 729 1940 nominis
746 1903 798 1939 nou
814 1884 984 1940 Athenienses

194 1968 236 2019 tot
253 1963 366 2019 cladibus
383 1962 531 2028 exstinctos,
551 1962 596 2017 sed
616 1962 749 2017 colluviem
765 1961 833 2016 illem
850 1961 983 2016 nationum

195 2041 315 2096 comitate
334 2039 413 2096 nimia
433 2039 567 2095 coluisset:
593 2040 641 2093 hos
661 2038 729 2094 enim
748 2057 805 2093 esse
824 2038 986 2093 Mithridatis

194 2117 316 2172 adversus
335 2116 438 2183 Sullam,
459 2116 566 2172 Antonii
586 2116 707 2171 adversim
730 2115 817 2170 divum
837 2117 985 2187 Augustum

194 2194 285 2251 socios.
320 2194 406 2249 litiani
424 2198 512 2249 vetera
531 2192 682 2263 objectabat,
704 2210 761 2263 que
780 2192 809 2246 iu
831 2191 1007 2249 Macedonas

192 2272 357 2342 improspere,
364 2270 488 2326 violenter
495 2271 522 2325 in
531 2287 591 2324 suos
603 2268 731 2337 fecissent,
740 2269 851 2323 offensus
862 2266 920 2323 urbi
928 2286 985 2339 pro

193 2348 251 2419 pria
263 2364 363 2418 qnoque
374 2347 420 2413 ira,
432 2348 492 2419 quia
502 2346 668 2417 Theophilum
680 2344 881 2415 quendamAreo
889 2344 986 2417 judicio

192 2424 252 2479 salsi
269 2424 415 2479 demnatum
431 2422 550 2495 precibus
568 2422 621 2478 suis
638 2440 691 2477 nou
707 2421 881 2477 concederent.
916 2422 1007 2484 Euius

192 2501 356 2573 navigatione
379 2501 454 2557 celeri
476 2519 522 2573 per
543 2500 665 2572 Cycladas
689 2503 716 2553 et
739 2498 887 2569 compendia
908 2501 985 2555 maris

194 2577 341 2649 assequitur
360 2577 538 2633 Germanicum
555 2574 623 2647 apud
646 2574 754 2630 insulam
771 2574 899 2640 Rhodum,
917 2575 986 2631 haud

192 2656 308 2711 nescium
320 2653 411 2725 quibus
423 2652 631 2710 insectationibus
643 2652 740 2723 petitus
751 2652 835 2708 foret:
859 2652 905 2708 sed
913 2657 986 2707 tanta

192 2731 390 2788 mansuetudine
407 2731 505 2803 agebat,
525 2735 563 2796 ut,
580 2748 639 2785 cum
656 2733 715 2784 orta
730 2734 868 2801 tempestas
885 2732 986 2800 raperet

193 2811 221 2865 in
233 2808 349 2879 abrupta,
359 2812 495 2879 possetque
506 2808 627 2863 interitus
638 2806 734 2862 inimici
744 2806 778 2862 ad
789 2824 875 2862 casum
886 2806 984 2871 referii,

193 2888 293 2942 miserit
304 2886 421 2941 triremes
430 2904 537 2956 quarum
549 2885 662 2941 subsidio
674 2884 813 2939 discrimini
823 2884 985 2939 eximeretur.
1006 2955 1009 2961 ι

195 2964 289 3035 Neque
300 2968 387 3019 tamen
398 2963 531 3035 mitigatus
539 2963 609 3027 Pico,
617 2966 645 3018 et
656 2962 700 3017 viii
710 2961 761 3017 diei
775 2978 871 3016 moram
885 2974 1008 3030 perpes-4
