2550 3500
268 327 284 376 e
521 301 530 306 “
603 327 724 377 ruerus

892 387 927 434 [n.
937 387 964 425 u.
973 388 996 425 c.
1005 386 1055 428 ror.

245 437 393 496 stabundus
405 439 454 494 nisi
466 457 523 494 oum
537 439 564 493 in
576 443 666 494 senatu
681 439 834 509 loqueretur.
869 436 955 490 Causa
969 437 1057 506 praei-

266 533 317 585 pua
328 534 360 572 ex
371 517 509 581 formidine,
523 535 555 571 ne
573 516 744 580 Germanicus,
757 515 783 569 in
795 514 867 584 cujus
878 532 955 568 manu
966 517 1006 568 tot
1019 513 1057 568 le·
1145 534 1146 543 ¹

265 593 359 662 giones,
372 593 493 648 immensa
505 594 627 648 sociorum
644 591 834 656 arrilie;mirus
850 590 918 662 apud
932 590 1057 661 populum
1145 614 1147 627 *

228 669 342 734 lofevor,
359 669 451 724 hebere
468 671 600 742 imperium
618 689 694 741 quam
710 673 855 740 exspectare
873 668 967 722 mallet.
1003 668 1057 722 Da-
1145 648 1147 735 l

264 745 308 800 bat
324 751 350 802 et
368 747 449 815 samse,
464 751 495 802 ut
513 753 617 803 vocatus
634 748 779 818 electusque
795 746 880 818 potius
897 745 1058 816 erepublica

264 823 398 890 videretur,
418 843 493 895 quem
510 843 555 896 per
572 825 691 880 uxorium
708 825 830 879 ambitum
848 828 874 878 et
892 824 964 878 senili
980 823 1057 894 adop-
1145 818 1147 879 i

229 900 333 955 llticne
350 901 487 972 irrepsisse.
524 904 617 957 Postea
632 903 762 974 cognitum
779 905 818 956 est
834 901 867 955 ad
881 901 1058 971 introspicien-
1145 902 1146 961 ζ

264 977 308 1032 das
321 979 397 1033 etiam
408 997 539 1049 procerum
551 979 694 1034 voluntates
710 979 839 1034 inductam
855 977 1056 1034 dubitationem:
1145 978 1146 1041 ξ

263 1071 321 1113 nam
333 1055 416 1120 verba,
426 1056 520 1122 uultus,
533 1057 560 1110 in
571 1057 666 1112 crimen
677 1056 829 1126 detorquens
840 1055 999 1110 recondebat.

240 1136 258 1190 8
298 1132 371 1187 Nihil
386 1134 466 1204 primo
481 1137 583 1189 senatus
600 1134 641 1188 dic
656 1135 699 1205 agi
714 1152 803 1205 passus
819 1133 868 1187 nisi
882 1131 914 1186 de
930 1133 1055 1202 supremis
1145 1146 1147 1183 l

265 1210 391 1281 Augrrsti;
427 1211 499 1282 cujus
526 1215 715 1275 testamentum,
743 1211 842 1264 illatum
869 1229 915 1280 per
942 1210 1055 1280 virgines
1145 1216 1147 1267 ὲ

242 1269 357 1352 ebuis,
376 1287 504 1343 liberium
521 1293 548 1344 e
565 1289 665 1344 nisam
680 1289 786 1343 uermes
804 1287 899 1342 uest.
935 1287 1009 1342 neu
1025 1288 1055 1343 sn

263 1363 383 1420 familiam
400 1367 493 1422 Julism
510 1384 652 1437 nomenque
668 1367 793 1436 Augustae
811 1363 1004 1430 adsumebatur3
1025 1365 1055 1420 in
1145 1370 1146 1439 f

264 1458 335 1512 spem
355 1443 489 1498 secumdam
509 1447 613 1514 nepotes
633 1446 833 1514 pronepotesque
839 1463 847 1507 ;
871 1441 948 1495 tertio
971 1441 1055 1512 gradu
1145 1466 1146 1505 ς

263 1517 385 1587 primores
400 1519 509 1577 civitatis
526 1519 667 1590 scripserat,
680 1520 813 1590 plerosque
828 1517 923 1572 invisos
938 1517 994 1583 sibi,
1007 1519 1054 1574 sed

242 1594 701 1668 ejactantiaglouaqueedpostercs.
734 1595 896 1666 legatanon
911 1595 979 1649 ultra
994 1594 1054 1650 civi·
1145 1598 1146 1617 ¹

263 1671 313 1726 lem
330 1673 440 1740 modum,
456 1673 505 1728 nisi
523 1672 590 1744 quod
606 1673 700 1744 populo
717 1676 744 1727 et
760 1671 828 1744 plebi
843 1670 1053 1742 CCCCXXXV,
1145 1684 1146 1707 r

263 1752 581 1821 pretoriarumcohortium
590 1752 713 1807 militibus
722 1750 823 1822 singula
831 1752 1051 1817 nnmrnummillia,

263 1826 405 1899 legionariis
417 1833 461 1884 ant
479 1828 624 1885 cohortibus
641 1828 734 1884 civium
748 1828 920 1883 Romanorum
935 1834 1053 1885 trecenos
1145 1845 1146 1852 ¹

240 1912 379 1961 enummos
402 1906 497 1961 viritim
509 1906 586 1961 dedit.
620 1906 686 1961 Tum
705 1906 877 1961 consultatum
897 1905 928 1960 de
951 1906 1052 1961 honori-
1112 1928 1118 1937 ·
1145 1929 1146 1982 3

263 1980 326 2049 bus3
343 2002 376 2039 ex
387 1984 446 2055 quis
457 1984 565 2039 maxime
575 1982 687 2055 insignes
698 1983 761 2039 visi:
778 1987 808 2037 ut
819 1986 895 2053 porte
904 1983 1053 2053 triumphali

263 2060 397 2117 duceretur
420 2061 504 2127 funus,
530 2060 616 2115 Gallus
639 2060 752 2126 Asinius,
776 2063 807 2115 ut
830 2060 915 2131 legum
941 2060 1049 2116 laterum

262 2139 339 2204 tituli,
357 2139 481 2194 victanrm
496 2138 527 2193 ab
543 2156 573 2193 eo
591 2138 705 2209 gentium
721 2138 842 2194 vocabula
856 2137 1051 2208 anteferrentur,

239 2216 293 2277 611.
303 2216 441 2271 Arruntius
458 2234 584 2271 censuere.
620 2215 738 2271 Addebat
753 2214 865 2271 Mesenis
877 2214 995 2270 Valerius
1010 2234 1052 2272 re-

261 2293 404 2351 novandum
422 2312 467 2365 per
484 2310 562 2349 annos
581 2297 765 2349 sacramentum
784 2293 812 2349 in
828 2310 920 2348 nomen
938 2291 1050 2363 Tiberii3

260 2372 481 2443 interrogatusque
499 2389 514 2427 u
530 2370 631 2427 'liberio
648 2389 709 2425 num
725 2388 754 2425 se
769 2369 905 2425 mandente
922 2387 977 2425 eam
994 2388 1050 2425 sen-

260 2449 368 2503 tentiam
379 2448 549 2519 prompsisset,
563 2452 655 2519 sponte
667 2448 760 2504 dixisse
773 2446 911 2519 respoudit,
923 2465 1007 2516 neque
1023 2448 1051 2503 in

260 2525 292 2581 iis
309 2544 365 2597 qne
382 2525 414 2581 ud
430 2526 625 2597 rempublicam
640 2525 797 2597 pertinerent
814 2524 918 2579 consilio
935 2524 985 2579 nisi
1002 2543 1050 2580 suo
1145 2581 1147 2604 ᾖ

259 2620 373 2668 usurum,
389 2602 430 2659 uel
446 2620 503 2659 cum
516 2602 627 2673 periculo
643 2602 794 2657 offensionis.
829 2602 869 2657 Ea
884 2600 937 2656 sola
953 2602 1050 2672 species

237 2679 378 2737 eudulandi
394 2685 531 2751 supererat.
568 2679 732 2735 Conclamant
748 2683 834 2751 patres
851 2696 943 2748 corpus
961 2678 993 2733 ud
1009 2698 1051 2735 ro-

260 2776 322 2831 gum
333 2759 443 2815 humeris
455 2762 599 2815 senatorum
610 2757 751 2813 ferendum.
787 2756 897 2812 Remisit
910 2757 996 2811 Caesar
1007 2775 1049 2812 ar-

259 2836 360 2907 roganti
370 2836 555 2901 moderetione;
574 2834 745 2907 populumque
757 2834 842 2891 edicto
851 2834 949 2889 monuit
964 2852 1004 2899 ne,
1018 2837 1050 2890 ut

260 2913 385 2986 quondam
396 2914 479 2971 nimiis
493 2913 585 2971 studiis
600 2912 678 2967 funus
694 2912 747 2967 divi
761 2911 827 2969 Julii
841 2911 997 2978 turbassent,
1011 2912 1051 2969 ita
1145 2935 1146 3000 ᾗ
