2550 3500
197 459 216 497 n
234 456 253 495 D
270 454 313 505 Μ
399 392 601 444 nnnnmun
620 393 672 442 111.
689 394 794 445 ae-ar.
940 397 987 447 ιω

197 507 276 561 Silani
288 506 417 573 dissoluta,
431 524 488 577 qum
499 506 633 576 Augcrstus
642 505 773 560 voluisset.
808 503 870 560 uuit
881 505 989 577 posthac

194 584 222 638 in
232 584 304 648 urbe,
316 602 398 656 neque
409 586 519 639 honores
531 582 638 653 adeptus
651 586 700 637 est.

229 661 351 715 Relatum
369 661 459 717 deinde
474 660 506 715 dc
522 659 677 714 moderanda
687 659 767 730 Papia
781 659 899 730 Poppaea,
912 678 985 731 quam
993 671 1031 725 25

193 738 279 793 senior
290 740 432 810 Augustus,
444 741 504 809 post
516 737 533 791 J
533 737 596 791 ulias
612 737 765 807 rogationes,
777 736 911 791 incitandis
923 736 987 792 culi·

192 816 255 870 bum
267 816 348 886 plenis
360 820 387 871 et
399 814 515 887 augendo
526 814 614 869 aerario
626 819 753 868 sanxerat.
789 814 846 869 Nec
857 813 914 869 ideo
929 824 1009 869 con-2

190 892 265 963 jugia
276 896 303 947 et
314 892 477 948 educationes
488 890 595 946 liberum
607 889 840 961 frequentabantur,
853 890 988 961 prevalida

193 969 319 1025 orbitate:
346 974 459 1024 ceterum
479 966 618 1023 multitudo
636 967 834 1037 periclitantium
855 966 986 1039 gliscebat,

194 1064 252 1101 cum
264 1046 346 1101 omnis
359 1048 449 1101 domus
465 1045 605 1100 deletorum
617 1043 871 1115 interpretationibus
883 1044 987 1100 subver-

193 1127 294 1179 teretur
297 1147 304 1191 3
322 1128 403 1195 utque
415 1124 521 1178 antehac
530 1122 642 1193 flagitiis,
655 1122 694 1176 ita
706 1126 769 1177 tunc
779 1120 879 1193 legibus
890 1121 987 1177 labora·

194 1200 278 1255 batur.
314 1201 354 1255 Ila
365 1220 405 1256 res
418 1200 535 1255 admonet
547 1204 577 1254 ut
590 1198 621 1254 de
633 1199 762 1269 principiis
772 1199 845 1270 juris,
855 1202 883 1253 et
894 1198 1008 1269 quibust

194 1278 276 1332 modis
296 1278 328 1332 ed
348 1279 412 1333 hanc
431 1276 618 1333 multitudinem
638 1276 763 1331 infinitam
786 1294 816 1330 ac
839 1275 986 1331 varietatem

194 1356 281 1427 legum
304 1360 453 1426 perventum
481 1355 523 1421 sit,
547 1354 623 1409 altius
648 1353 776 1408 disseram.
812 1352 986 1408 Vetustissimi
994 1352 1031 1409 26

194 1434 346 1502 mortalium,
358 1434 428 1489 nulla
444 1433 526 1488 adhuc
541 1432 610 1487 mala
625 1431 738 1496 libidine,
751 1431 806 1486 sine
821 1430 921 1501 probro,
934 1450 987 1487 sce·

195 1511 255 1576 lere,
268 1530 347 1581 eoque
362 1512 416 1566 siue
427 1530 502 1583 poena
510 1514 554 1563 aut
567 1508 768 1573 coercitionibus,
781 1506 898 1579 agebant.
934 1508 1009 1567 Nea

195 1606 245 1659 qne
264 1588 373 1659 praemiis
392 1606 457 1659 opus
475 1591 537 1651 erat,
562 1604 619 1642 cum
643 1587 752 1641 honesta
774 1588 865 1656 suopte
884 1584 986 1655 ingenio

195 1669 343 1736 peterentur
352 1688 359 1733 ;
379 1669 405 1720 et
422 1664 467 1720 ubi
481 1664 544 1719 nnn
561 1668 650 1719 contra
663 1682 759 1718 morem
776 1665 905 1734 cuperent,
924 1662 987 1717 nibil

195 1761 241 1814 per
257 1748 354 1798 metum
366 1743 526 1799 vetabantur.
562 1744 599 1797 At
617 1746 752 1814 postquam
770 1740 829 1796 exui
846 1738 1008 1811 aequalitasa

195 1825 222 1875 et
234 1839 280 1891 pro
291 1821 416 1876 modestia
427 1839 456 1875 ac
468 1819 564 1892 pudore
576 1820 680 1875 ambitio
692 1824 719 1874 ct
730 1819 769 1874 ris
780 1817 919 1882 incedebat,
930 1835 986 1888 pro

195 1917 287 1953 venere
298 1899 489 1963 dominationes,
503 1897 648 1968 multosque
660 1896 727 1968 apud
738 1895 844 1968 populos
861 1900 986 1950 aeternum

195 1993 316 2030 mansere.
354 1974 466 2034 Quidam
478 1975 631 2039 statim,.aut
646 1979 780 2045 postquam
791 1991 881 2044 regum
897 1975 986 2042 pertae-

195 2071 260 2118 sum,
282 2053 352 2125 leges
372 2052 524 2107 maluerunt.
560 2052 611 2106 Hie
631 2051 713 2122 primo
732 2049 839 2106 rudibus
855 2048 1008 2104 nominans

195 2131 285 2185 animis
313 2129 438 2202 simplices
462 2132 550 2194 erant;
580 2130 739 2200 maximeque
761 2128 829 2182 fama
851 2125 986 2181 celebrarit

194 2207 363 2272 Cretensium,
377 2225 439 2278 quas
452 2207 546 2272 Minos,
559 2207 747 2276 Spartanorum,
760 2222 823 2275 quas
834 2203 984 2274 Lycurgum

194 2303 224 2340 ac
241 2303 301 2338 mor
318 2284 516 2339 Atheniensibus
535 2283 692 2354 quaesitiores
708 2283 759 2351 jam
778 2286 805 2335 et
822 2279 907 2352 plures
926 2278 985 2334 Solo

193 2362 349 2434 perscripsit.
385 2361 468 2416 Nobis
480 2360 612 2425 Romulus,
622 2364 652 2414 ut
663 2359 771 2423 libitum,
781 2357 968 2428 imperitaverat
977 2369 1007 2416 :5

193 2439 253 2496 dein
261 2439 349 2494 Numa
359 2438 523 2510 religionibus
533 2441 559 2492 et
571 2437 656 2492 divino
665 2436 723 2506 jure
734 2433 855 2506 populum
862 2432 983 2498 devinxit,

192 2520 345 2588 repertaque
363 2515 476 2585 quedam
495 2513 597 2569 altillo
614 2517 642 2568 et
659 2514 739 2567 Anco.
776 2510 826 2566 Sed
842 2511 1007 2582 precipuust

194 2593 298 2649 Servius
318 2593 416 2647 'l'ullius
434 2597 536 2647 sanctor
556 2591 643 2662 legum
659 2590 717 2655 fuit,
738 2588 794 2658 quis
813 2588 891 2643 etiam
911 2607 984 2659 reges

193 2670 406 2742 obtemperarent.
453 2669 532 2724 Pulso
555 2667 699 2739 Tarquinio,
724 2665 856 2720 adversum
883 2669 983 2736 patrum
992 2673 1030 2732 27

192 2748 318 2804 faotiones
338 2747 421 2802 multa
440 2745 548 2818 populus
569 2745 676 2817 paravit,
693 2742 794 2798 tuendae
814 2742 938 2798 libertatis
958 2748 985 2795 et

193 2825 322 2880 firmandae
346 2823 501 2890 coneordioe3
527 2822 656 2892 creatique
678 2820 821 2884 decemmi
844 2823 878 2883 et,
898 2817 985 2871 accitis

195 2921 251 2973 qum
262 2919 371 2972 nsquam
388 2900 497 2972 egregia,
510 2899 657 2970 composite
667 2897 801 2953 duodecim
815 2894 916 2956 tabulae,
929 2892 985 2944 finis

196 2981 260 3053 arqui
269 2980 343 3052 jmis.
379 2978 449 3033 Nam
461 2981 555 3033 secute
566 2976 643 3046 leges,
656 2975 706 3031 etsi
719 2971 853 3044 aliquando
868 2969 896 3024 in
911 2967 1008 3021 malea
