2550 3500
204 437 229 477 Α
240 436 259 475 D
275 435 318 486 a]
395 373 591 423 ANNALIUM
608 375 680 423 XIV.
698 376 799 425 36-40.
947 381 993 427 823

205 486 286 540 Simul
296 486 324 539 in
335 484 424 541 urbem
434 484 578 551 mandabat,
590 487 688 542 nullum
699 486 787 559 prelio
795 487 871 543 finem
880 492 994 559 expecta·
1005 501 1020 548 5

202 566 261 617 rent
272 562 323 617 nisi
334 560 513 618 succederetur
528 563 658 630 Suetonio,
671 565 744 635 eujus
760 564 865 619 adversa
876 566 995 637 pravitati

202 639 291 709 ipsius,
304 657 425 711 prospera
435 638 469 693 ad
479 639 607 695 fortunam
615 641 750 697 referebat.
785 641 871 714 Igitur
882 642 915 697 ad
927 662 994 714 spec·
1004 652 1042 707 39

202 715 309 771 tandum
320 715 459 771 Britannia
477 719 574 771 statum
590 718 683 774 missus
695 722 734 775 est
750 718 873 775 elibertis
890 720 994 793 Polycli·

201 802 254 859 tus,
275 813 368 866 magna
390 794 501 849 Neronis
525 813 571 867 spe
593 814 668 867 posse
693 798 845 853 auctoritate
869 798 923 869 ejus
944 816 996 853 non

201 870 277 926 modo
288 871 356 926 inter
367 871 479 942 legatum
495 877 733 946 procuratoremque
745 874 904 931 concordiam
916 875 994 947 gigni,

202 947 248 1003 sed
259 951 286 1003 et
297 947 403 1003 rebelles
417 946 581 1003 barbarorum
592 951 689 1006 animos
705 969 767 1023 pace
779 952 902 1023 componi.
939 952 1020 1008 Nec2

202 1025 284 1080 defuit
297 1024 437 1097 Polyclitus
450 1026 604 1096 quominus,
620 1028 720 1099 ingenti
732 1030 831 1101 agmine
843 1030 925 1085 Italiae
938 1028 997 1085 Gal-

133 1141 134 1150 ,
202 1102 293 1174 lisque
311 1102 403 1174 gravis,
416 1108 552 1175 postquam
568 1102 698 1160 Oceanum
713 1106 895 1177 transmiserat,
911 1107 997 1162 militi-

202 1180 252 1235 bus
271 1197 372 1250 quoque
389 1180 484 1235 nostris
502 1182 622 1237 terribilis
638 1182 774 1239 incederet.
811 1184 862 1239 sed
879 1184 1020 1243 hostibusa

202 1256 289 1312 irrisui
311 1256 369 1322 init,
391 1256 459 1327 apud
479 1276 542 1329 quos
562 1260 686 1330 flagrante
707 1260 783 1315 etiam
802 1263 859 1315 tum
878 1261 996 1317 libertate

202 1332 316 1388 nondum
336 1333 439 1405 cognita
454 1334 629 1390 libertinorum
646 1337 762 1407 potentia
784 1341 854 1404 erat;
872 1338 996 1394 miraban-

202 1412 297 1480 turque
319 1408 387 1481 quod
407 1409 460 1465 dux
482 1415 510 1466 et
530 1412 667 1479 exercitus,
689 1414 758 1468 tanti
777 1412 838 1469 belli
858 1415 994 1481 coniector,

203 1486 313 1543 servitiis
330 1486 469 1543 obedirent.
505 1487 606 1544 Cuncta
622 1494 709 1545 tamen
727 1490 759 1545 ad
776 1490 953 1561 imperatorem
969 1492 1020 1547 int

202 1564 303 1621 mollius
314 1563 411 1631 relata3
430 1563 600 1637 detentusque
616 1568 693 1623 rebus
709 1566 830 1640 gerundis
850 1568 994 1634 Suetonius,

203 1641 272 1714 quod
289 1645 349 1714 post
368 1658 461 1713 paucas
479 1660 557 1698 naves
576 1643 697 1699 inlitora
716 1644 900 1717 remigiumque
918 1646 946 1700 in
964 1646 995 1701 iis

201 1720 328 1786 amiserat,
352 1721 475 1791 tanquam
499 1718 607 1776 durante
629 1720 704 1788 bello,
728 1721 830 1778 tradere
853 1723 996 1779 exercitum

202 1798 324 1854 Petronio
336 1797 490 1869 Turpiliano,
503 1797 547 1870 qni
555 1798 609 1870 jam
620 1800 755 1856 consulatu
767 1801 870 1868 abierat,
881 1801 994 1873 jubetur.

202 1874 232 1930 Is
243 1893 295 1930 non
306 1875 407 1931 irritato
418 1875 500 1940 hoste,
517 1894 600 1946 neque
615 1877 757 1945 lacessitus,
775 1879 910 1934 honestum
926 1879 996 1951 pacis

203 1969 296 2006 nomen
307 1953 380 2024 segni
392 1952 445 2007 otio
457 1953 587 2023 imposuit.

238 2028 335 2084 Eodem
351 2047 418 2084 anno
436 2029 526 2085 Romae
542 2031 653 2102 insignia
674 2031 776 2098 scelera,
795 2032 903 2088 alterum
926 2031 1043 2087 sena-40

203 2107 276 2172 toris,
289 2106 376 2161 servili
391 2107 501 2162 alterum
515 2107 627 2174 audacia,
641 2109 751 2164 admissa
762 2114 830 2165 sunt.
866 2109 996 2165 Domitius

202 2183 300 2241 Balbus
319 2187 374 2238 erat
391 2185 532 2255 pretorius,
550 2185 626 2240 simul
643 2187 721 2257 longa
739 2191 848 2254 senecta,
860 2185 936 2242 simul
956 2205 997 2242 or·

134 2294 135 2317 r
202 2263 285 2318 bitate
308 2263 335 2315 et
358 2261 465 2330 pecunia
487 2261 585 2316 insidiis
608 2263 741 2318 obnoxius.
785 2263 818 2318 Ei
840 2264 1020 2335 propinquus2

134 2340 135 2343 ’
202 2337 323 2395 Valerius
340 2335 474 2403 Fabianus,
499 2338 659 2410 capessendis
683 2339 822 2396 honoribus
846 2339 996 2406 destinatus,

202 2414 319 2474 subdidit
333 2418 524 2482 testamentum,
542 2417 629 2472 ascitis
641 2417 743 2472 Vinicio
761 2419 855 2473 Rufino
867 2423 894 2474 et
906 2419 998 2474 Teren·

203 2496 241 2551 tic
253 2492 366 2548 Lentino
376 2492 504 2562 equitibus
514 2494 645 2549 Romanis.
682 2495 725 2550 Illi
733 2496 873 2550 Antonium
884 2497 1020 2552 Primum8

203 2576 232 2628 et
249 2568 368 2626 Asinium
384 2568 534 2625 Marcellum
549 2571 716 2626 sociaverant.
751 2573 880 2628 Antonius
896 2573 1000 2628 audacia

134 2696 135 2709 ,
203 2649 347 2720 promptus,
359 2645 496 2702 Marcellus
508 2647 597 2704 Asinio
614 2648 728 2704 Pollione
744 2667 837 2720 proavo
854 2650 943 2715 clarus,
956 2667 1000 2704 ne·

205 2744 256 2797 qne
271 2741 372 2778 morum
387 2723 543 2794 spsmendus
559 2725 708 2794 habebatur,
723 2725 773 2782 nisi
788 2727 856 2799 quod
867 2730 999 2799 pauperta-

206 2807 263 2856 tem
274 2800 440 2871 precipuum
464 2800 588 2857 malorum
605 2802 733 2859 credebat.
769 2803 855 2876 Igitur
872 2803 1022 2858 Fabianust

205 2878 306 2934 tabulas
328 2878 360 2934 iis
384 2896 449 2949 qnos
469 2881 606 2936 memorari
628 2883 656 2936 et
677 2881 734 2936 aliis
754 2881 838 2936 minus
859 2880 999 2936 illustribus

206 2957 332 3031 obsignat.
369 2957 448 3020 Quod
464 2957 531 3029 apud
548 2964 635 3032 patres
652 2961 814 3027 convictum
831 2963 858 3016 et
874 2959 1024 3016 Fabianuse
