2550 3500
399 360 595 409 ANNALIUM
613 360 692 408 ΧΙΙΙ.
705 363 776 409 3-8.
945 361 989 413 271

133 420 134 467 i
201 426 228 465 s.
239 425 264 463 o.
275 423 317 473 aa]

200 475 262 529 thos
274 480 300 527 ct
312 472 367 543 rapi
378 472 523 527 Armeniam
539 472 643 527 allatum
661 476 709 538 est,
728 472 801 543 pulso
817 471 992 537 Rhadamisto,

202 552 247 621 qui
259 569 326 621 saepe
337 550 409 621 regni
422 550 477 620 ejus
489 550 594 620 potitus,
607 550 667 604 dein
677 550 809 621 prodigus,
821 553 876 603 turn
893 568 993 622 quoque

201 628 297 683 bellum
321 627 475 681 deseruerat.
511 626 597 695 Igitur
619 627 647 681 in
669 627 732 681 urbe
751 645 893 681 sermonum
912 626 1018 692 addat

202 703 414 775 quemadmodum
426 703 542 774 princeps
555 703 598 758 vix
607 703 778 775 septendecim
788 722 866 758 annos
876 722 993 775 egressus

202 782 331 853 suscipere
355 800 410 837 eam
436 782 528 836 molem
551 786 596 837 aut
622 783 769 854 propulsare
795 782 995 855 posset-quod

202 859 345 915 subsidium
362 859 391 913 in
408 876 438 913 eo
455 859 498 929 qui
516 878 532 913 a
548 860 644 915 femina
657 865 893 932 regeretur,-num
909 861 995 931 praelia

202 955 304 1009 quoque
323 940 349 991 et
370 936 572 1007 oppugnationes
590 936 693 991 urbium
712 941 738 991 et
763 943 849 992 cetera
866 937 927 993 belli
948 956 994 1009 per

201 1015 339 1085 magistros
363 1013 532 1067 administrari
552 1018 665 1085 possent,
687 1015 861 1085 anquirebant.
897 1015 1017 1071 Contrua

202 1092 247 1147 alii
258 1091 347 1145 melius
361 1090 473 1145 evenisse
486 1090 621 1156 disserunt,
635 1110 710 1162 quam
723 1092 745 1146 si
756 1092 880 1147 invahdus
892 1098 995 1149 senecta

202 1174 230 1225 et
250 1168 351 1239 ignavia
370 1168 490 1223 Claudius
508 1168 604 1224 militiae
623 1168 656 1223 ad
671 1169 769 1224 labores
785 1174 925 1236 vocaretur,
943 1190 995 1227 ser·

202 1246 296 1302 vihbus
305 1245 383 1316 jussis
396 1245 624 1317 obtemperaturus.
660 1247 770 1301 Burrum
783 1252 869 1303 tamen
880 1252 907 1304 et
920 1250 1018 1305 Seue-4

202 1344 260 1381 sam
271 1324 408 1379 multarum
420 1342 505 1379 rerum
520 1324 676 1395 experientia
693 1325 809 1395 cognitos
817 1347 824 1391 ;
844 1329 870 1380 et
887 1326 995 1397 impera-

202 1402 256 1457 tori
279 1405 401 1471 quautum
425 1400 457 1455 ad
479 1401 557 1457 robur
580 1400 676 1467 deesse,
701 1419 759 1455 cum
783 1406 873 1457 octavo
896 1402 994 1457 decimo

203 1477 288 1535 aetatis
309 1496 374 1533 auno
393 1477 439 1533 On.
452 1478 596 1549 Pompeius,
615 1496 682 1532 nono
700 1478 797 1532 decimo
815 1478 900 1533 Cesar
917 1480 994 1535 Octa·

202 1556 302 1621 vienus,
323 1554 406 1610 civilia
423 1554 489 1609 bella
509 1555 696 1609 sustinuerint?
713 1554 837 1626 Pleraque
852 1556 880 1609 in
895 1565 1017 1610 summat

203 1633 308 1687 fortuna
319 1632 436 1703 auspiciis
448 1635 475 1687 et
486 1632 596 1687 consiliis
609 1646 684 1703 quam
694 1632 753 1687 telis
765 1636 791 1686 et
802 1632 917 1689 manibus
929 1633 991 1704 geri.

133 1744 134 1758 κ
203 1710 334 1766 Daturum
345 1709 419 1782 plane
435 1708 622 1778 documentum,
635 1708 749 1765 honestis
765 1727 799 1765 an
816 1728 889 1766 secus
907 1711 1017 1770 amicisd

203 1791 329 1853 uteretur,
348 1787 371 1844 si
389 1787 478 1842 ducem
502 1792 587 1842 amota
609 1787 704 1842 invidia
721 1789 859 1860 egregium,
878 1790 994 1860 quamsi

203 1865 369 1937 pecuniosum
381 1868 407 1920 et
419 1865 502 1936 gratia
513 1863 648 1920 subnixum
665 1884 711 1936 per
722 1866 845 1922 ambitum
861 1865 991 1938 deligeret.

205 1941 270 1998 Haec
284 1946 360 2013 atque
372 1942 434 1996 talia
444 1941 614 2014 vulgantibus,
627 1942 700 1998 Nero
711 1948 738 1998 et
747 1944 908 2015 juventutem
919 1962 992 2014 prox·
1004 1945 1020 2002 7

203 2021 268 2075 imas
284 2037 329 2091 per
344 2019 485 2090 provincias
507 2019 638 2090 quaesitam
659 2021 805 2092 supplendis
826 2021 938 2075 Orientis
957 2020 993 2074 le-

203 2097 323 2169 gionibus
333 2114 483 2162 ammovere,
492 2096 656 2168 legionesque
663 2097 731 2168 ipsas
740 2096 993 2168 propiusArmeniam

204 2173 321 2230 collocari
339 2173 421 2245 jubet,
449 2173 561 2244 duosque
584 2178 684 2228 veteres
706 2192 780 2246 reges
803 2173 943 2244 Agrippam
966 2177 993 2228 et

202 2251 360 2307 Antiochum
372 2249 490 2322 expedire
501 2251 593 2321 copias,
607 2250 664 2321 quis
678 2251 831 2305 Parthorum
846 2251 909 2305 fines
924 2249 993 2304 ultro

203 2330 329 2385 intrarent
338 2350 346 2395 ;
365 2328 440 2383 simul
456 2334 547 2399 pontes
565 2345 726 2398 peromnem
743 2327 893 2398 Euphraten
911 2328 992 2400 jungi

202 2407 240 2464 Et
251 2407 374 2461 minorem
385 2406 531 2460 Armeniam
543 2405 691 2460 Aristobulo
709 2405 846 2476 regionem,
860 2406 1017 2478 Sophencna

133 2477 135 2490 '
204 2483 320 2540 Sohoemo
332 2501 390 2538 cum
401 2482 542 2553 insignibus
553 2482 630 2553 regiis
646 2481 756 2536 mandat.
792 2482 954 2555 Exortusque
965 2484 994 2539 in

202 2566 318 2632 tempore
330 2559 571 2632 aemulusVologeso
580 2559 647 2615 filius
656 2559 796 2627 Vardanis3
815 2564 841 2616 et
850 2560 993 2616 abscessere

202 2637 325 2694 mmenia
336 2637 433 2702 Parthi,
446 2640 567 2708 tauquam
579 2637 709 2692 differrent
725 2637 827 2694 bellum.
863 2639 914 2694 Sed
925 2638 1020 2710 apud8

203 2719 323 2772 senatum
334 2715 419 2769 omnia
426 2715 454 2770 in
461 2716 542 2786 majus
551 2715 678 2771 celebrata
686 2719 753 2782 sunt,
764 2717 896 2772 sententiis
905 2734 993 2770 eorum

203 2793 249 2864 qui
272 2792 469 2863 supplicationes
493 2795 520 2846 et
541 2793 628 2848 diebus
653 2794 871 2865 supphcationum,
895 2796 993 2848 vestem

204 2870 313 2941 principi
327 2869 513 2938 triumphalem,
532 2873 612 2941 utque
624 2889 701 2926 ovans
717 2872 805 2926 urbem
816 2871 900 2934 iniret,
917 2869 993 2940 effigi-

133 2965 134 3018 ,
204 2965 283 3018 esque
295 2946 350 3018 ejus
363 2946 418 3018 pari
429 2945 602 3018 magnitudine
614 2966 644 3004 ac
655 2949 748 3005 Martis
760 2948 859 3004 Ultoris
871 2945 958 3002 eodem
966 2945 994 3001 in
