<?xml version="1.0" encoding="UTF-8"?>
<!DOCTYPE html PUBLIC "-//W3C//DTD XHTML 1.0 Transitional//EN"
    "http://www.w3.org/TR/xhtml1/DTD/xhtml1-transitional.dtd">
<html xmlns="http://www.w3.org/1999/xhtml" xml:lang="en" lang="en">
 <head>
  <title>
</title>
<meta http-equiv="Content-Type" content="text/html;charset=utf-8" />
  <meta name='ocr-system' content='tesseract 3.04.00' />
  <meta name='ocr-capabilities' content='ocr_page ocr_carea ocr_par ocr_line ocrx_word'/>
</head>
<body>
  <div class='ocr_page' id='page_1' title='image "./operaomniaadfid01tacigoog_0109.png"; bbox 0 0 2550 3500; ppageno 0'>
   <div class='ocr_carea' id='block_1_1' title="bbox 201 377 988 491">
    <p class='ocr_par' dir='ltr' id='par_1_1' title="bbox 201 377 988 491">
     <span class='ocr_line' id='line_1_1' title="bbox 201 377 988 491; baseline -0.006 -62"><span class='ocrx_word' id='word_1_1' title='bbox 201 444 220 482; x_wconf 50' lang='grc' dir='ltr'><strong><em>Δ</em></strong></span> <span class='ocrx_word' id='word_1_2' title='bbox 237 442 257 481; x_wconf 69' lang='lat' dir='ltr'>n</span> <span class='ocrx_word' id='word_1_3' title='bbox 274 440 317 491; x_wconf 56' lang='grc' dir='ltr'><strong>ω]</strong></span> <span class='ocrx_word' id='word_1_4' title='bbox 409 377 605 427; x_wconf 82' lang='lat' dir='ltr'><strong>ANNALIUM</strong></span> <span class='ocrx_word' id='word_1_5' title='bbox 623 378 675 426; x_wconf 87' lang='lat'><strong>111.</strong></span> <span class='ocrx_word' id='word_1_6' title='bbox 695 378 796 426; x_wconf 78' lang='lat'><strong>16—19.</strong></span> <span class='ocrx_word' id='word_1_7' title='bbox 942 378 988 425; x_wconf 76' lang='lat' dir='ltr'><strong>lot</strong></span> 
     </span>
    </p>
   </div>
   <div class='ocr_carea' id='block_1_2' title="bbox 197 486 1035 868">
    <p class='ocr_par' dir='ltr' id='par_1_2' title="bbox 197 486 1035 868">
     <span class='ocr_line' id='line_1_2' title="bbox 199 486 986 561; baseline -0.008 -14"><span class='ocrx_word' id='word_1_8' title='bbox 199 492 307 555; x_wconf 84' lang='lat' dir='ltr'><strong>censuit,</strong></span> <span class='ocrx_word' id='word_1_9' title='bbox 331 491 431 561; x_wconf 87' lang='lat' dir='ltr'><strong>partem</strong></span> <span class='ocrx_word' id='word_1_10' title='bbox 453 488 577 545; x_wconf 88' lang='lat' dir='ltr'><strong>bonorum</strong></span> <span class='ocrx_word' id='word_1_11' title='bbox 600 487 783 560; x_wconf 86' lang='lat' dir='ltr'><strong>publicandam,</strong></span> <span class='ocrx_word' id='word_1_12' title='bbox 802 505 860 558; x_wconf 80' lang='lat' dir='ltr'><strong>pars</strong></span> <span class='ocrx_word' id='word_1_13' title='bbox 883 489 914 541; x_wconf 91' lang='lat' dir='ltr'><strong>ut</strong></span> <span class='ocrx_word' id='word_1_14' title='bbox 938 486 986 541; x_wconf 85' lang='lat' dir='ltr'><strong>Cn.</strong></span> 
     </span>
     <span class='ocr_line' id='line_1_3' title="bbox 198 563 987 637; baseline -0.006 -14"><span class='ocrx_word' id='word_1_15' title='bbox 198 567 351 625; x_wconf 83' lang='lat' dir='ltr'><strong>Pisonilllio</strong></span> <span class='ocrx_word' id='word_1_16' title='bbox 363 566 551 631; x_wconf 77' lang='lat' dir='ltr'><strong>concederetur,</strong></span> <span class='ocrx_word' id='word_1_17' title='bbox 564 566 636 637; x_wconf 89' lang='lat' dir='ltr'><strong>isque</strong></span> <span class='ocrx_word' id='word_1_18' title='bbox 648 584 791 637; x_wconf 74' lang='lat' dir='ltr'><strong>praenomen</strong></span> <span class='ocrx_word' id='word_1_19' title='bbox 802 568 930 630; x_wconf 88' lang='lat' dir='ltr'><strong>muturet;</strong></span> <span class='ocrx_word' id='word_1_20' title='bbox 947 563 987 618; x_wconf 87' lang='lat' dir='ltr'><strong>M.</strong></span> 
     </span>
     <span class='ocr_line' id='line_1_4' title="bbox 198 640 987 714; baseline -0.008 -14"><span class='ocrx_word' id='word_1_21' title='bbox 198 647 269 710; x_wconf 85' lang='lat' dir='ltr'><strong>Piso,</strong></span> <span class='ocrx_word' id='word_1_22' title='bbox 283 652 360 699; x_wconf 86' lang='lat' dir='ltr'><strong>exuta</strong></span> <span class='ocrx_word' id='word_1_23' title='bbox 378 643 502 714; x_wconf 82' lang='lat' dir='ltr'><strong>dignitate</strong></span> <span class='ocrx_word' id='word_1_24' title='bbox 514 647 541 697; x_wconf 86' lang='lat' dir='ltr'><strong>et</strong></span> <span class='ocrx_word' id='word_1_25' title='bbox 559 648 663 714; x_wconf 86' lang='lat' dir='ltr'><strong>accepto</strong></span> <span class='ocrx_word' id='word_1_26' title='bbox 679 642 846 713; x_wconf 78' lang='lat' dir='ltr'><strong>quinquagies</strong></span> <span class='ocrx_word' id='word_1_27' title='bbox 862 640 987 705; x_wconf 76' lang='lat' dir='ltr'><strong>sestertio,</strong></span> 
     </span>
     <span class='ocr_line' id='line_1_5' title="bbox 200 718 988 791; baseline -0.009 -13"><span class='ocrx_word' id='word_1_28' title='bbox 200 722 228 778; x_wconf 90' lang='lat' dir='ltr'><strong>in</strong></span> <span class='ocrx_word' id='word_1_29' title='bbox 240 722 327 777; x_wconf 56' lang='lat' dir='ltr'><strong>Quem</strong></span> <span class='ocrx_word' id='word_1_30' title='bbox 339 739 418 775; x_wconf 90' lang='lat' dir='ltr'><strong>annos</strong></span> <span class='ocrx_word' id='word_1_31' title='bbox 430 720 594 791; x_wconf 82' lang='lat' dir='ltr'><strong>relegaretur,</strong></span> <span class='ocrx_word' id='word_1_32' title='bbox 613 738 734 775; x_wconf 90' lang='lat' dir='ltr'><strong>concessa</strong></span> <span class='ocrx_word' id='word_1_33' title='bbox 748 718 875 774; x_wconf 79' lang='lat' dir='ltr'><strong>Plancinae</strong></span> <span class='ocrx_word' id='word_1_34' title='bbox 892 718 988 773; x_wconf 89' lang='lat' dir='ltr'><strong>incolu-</strong></span> 
     </span>
     <span class='ocr_line' id='line_1_6' title="bbox 197 788 1035 868; baseline -0.007 -14"><span class='ocrx_word' id='word_1_35' title='bbox 197 800 290 854; x_wconf 86' lang='lat' dir='ltr'><strong>mitate</strong></span> <span class='ocrx_word' id='word_1_36' title='bbox 313 797 345 853; x_wconf 92' lang='lat' dir='ltr'><strong>ob</strong></span> <span class='ocrx_word' id='word_1_37' title='bbox 366 815 453 868; x_wconf 87' lang='lat' dir='ltr'><strong>preces</strong></span> <span class='ocrx_word' id='word_1_38' title='bbox 476 799 609 867; x_wconf 80' lang='lat' dir='ltr'><strong>Augusta.</strong></span> <span class='ocrx_word' id='word_1_39' title='bbox 644 796 732 851; x_wconf 85' lang='lat' dir='ltr'><strong>Multa</strong></span> <span class='ocrx_word' id='word_1_40' title='bbox 754 814 787 850; x_wconf 81' lang='lat' dir='ltr'><strong>en</strong></span> <span class='ocrx_word' id='word_1_41' title='bbox 809 814 841 851; x_wconf 88' lang='lat' dir='ltr'><strong>ea</strong></span> <span class='ocrx_word' id='word_1_42' title='bbox 860 788 1035 851; x_wconf 68' lang='lat' dir='ltr'><strong>warentiam</strong></span> 
     </span>
    </p>
   </div>
   <div class='ocr_carea' id='block_1_3' title="bbox 197 872 1146 3214">
    <p class='ocr_par' dir='ltr' id='par_1_3' title="bbox 197 872 1146 3214">
     <span class='ocr_line' id='line_1_7' title="bbox 197 872 989 947; baseline -0.005 -16"><span class='ocrx_word' id='word_1_43' title='bbox 197 876 317 947; x_wconf 83' lang='lat' dir='ltr'><strong>mitigata</strong></span> <span class='ocrx_word' id='word_1_44' title='bbox 327 879 388 931; x_wconf 89' lang='lat' dir='ltr'><strong>sunt</strong></span> <span class='ocrx_word' id='word_1_45' title='bbox 404 873 557 945; x_wconf 89' lang='lat' dir='ltr'><strong>aprineipe:</strong></span> <span class='ocrx_word' id='word_1_46' title='bbox 576 892 609 928; x_wconf 89' lang='lat' dir='ltr'><strong>ne</strong></span> <span class='ocrx_word' id='word_1_47' title='bbox 624 892 717 929; x_wconf 84' lang='lat' dir='ltr'><strong>nomen</strong></span> <span class='ocrx_word' id='word_1_48' title='bbox 729 873 829 928; x_wconf 88' lang='lat' dir='ltr'><strong>Pisonis</strong></span> <span class='ocrx_word' id='word_1_49' title='bbox 846 872 920 927; x_wconf 82' lang='lat' dir='ltr'><strong>iustis</strong></span> <span class='ocrx_word' id='word_1_50' title='bbox 936 872 989 927; x_wconf 56' lang='lat' dir='ltr'><strong>exis</strong></span> 
     </span>
     <span class='ocr_line' id='line_1_8' title="bbox 197 950 987 1022; baseline -0.005 -14"><span class='ocrx_word' id='word_1_51' title='bbox 197 957 319 1016; x_wconf 89' lang='lat' dir='ltr'><strong>meretur,</strong></span> <span class='ocrx_word' id='word_1_52' title='bbox 334 950 434 1022; x_wconf 80' lang='lat' dir='ltr'><strong>quando</strong></span> <span class='ocrx_word' id='word_1_53' title='bbox 445 950 483 1005; x_wconf 81' lang='lat' dir='ltr'><strong>M.</strong></span> <span class='ocrx_word' id='word_1_54' title='bbox 491 951 604 1019; x_wconf 80' lang='lat' dir='ltr'><strong>Antonii,</strong></span> <span class='ocrx_word' id='word_1_55' title='bbox 617 950 662 1022; x_wconf 91' lang='lat' dir='ltr'><strong>qni</strong></span> <span class='ocrx_word' id='word_1_56' title='bbox 672 950 766 1005; x_wconf 89' lang='lat' dir='ltr'><strong>bellum</strong></span> <span class='ocrx_word' id='word_1_57' title='bbox 777 951 866 1021; x_wconf 83' lang='lat' dir='ltr'><strong>patriae</strong></span> <span class='ocrx_word' id='word_1_58' title='bbox 877 950 987 1016; x_wconf 78' lang='lat' dir='ltr'><strong>fecisset,</strong></span> 
     </span>
     <span class='ocr_line' id='line_1_9' title="bbox 198 1026 988 1099; baseline -0.004 -14"><span class='ocrx_word' id='word_1_59' title='bbox 198 1030 254 1085; x_wconf 81' lang='lat' dir='ltr'><strong>Juli</strong></span> <span class='ocrx_word' id='word_1_60' title='bbox 265 1028 380 1093; x_wconf 83' lang='lat' dir='ltr'><strong>Antonii,</strong></span> <span class='ocrx_word' id='word_1_61' title='bbox 393 1028 437 1099; x_wconf 93' lang='lat' dir='ltr'><strong>qni</strong></span> <span class='ocrx_word' id='word_1_62' title='bbox 455 1026 557 1083; x_wconf 89' lang='lat' dir='ltr'><strong>domum</strong></span> <span class='ocrx_word' id='word_1_63' title='bbox 576 1027 690 1099; x_wconf 80' lang='lat' dir='ltr'><strong>Augusti</strong></span> <span class='ocrx_word' id='word_1_64' title='bbox 705 1027 833 1093; x_wconf 85' lang='lat' dir='ltr'><strong>violasset,</strong></span> <span class='ocrx_word' id='word_1_65' title='bbox 849 1032 988 1082; x_wconf 88' lang='lat' dir='ltr'><strong>manerent.</strong></span> 
     </span>
     <span class='ocr_line' id='line_1_10' title="bbox 199 1104 1013 1177; baseline -0.009 -15"><span class='ocrx_word' id='word_1_66' title='bbox 199 1107 235 1162; x_wconf 81' lang='lat' dir='ltr'><strong>ut</strong></span> <span class='ocrx_word' id='word_1_67' title='bbox 253 1107 293 1161; x_wconf 89' lang='lat' dir='ltr'><strong>M.</strong></span> <span class='ocrx_word' id='word_1_68' title='bbox 306 1105 425 1161; x_wconf 77' lang='lat' dir='ltr'><strong>Pisonem</strong></span> <span class='ocrx_word' id='word_1_69' title='bbox 439 1104 583 1176; x_wconf 82' lang='lat' dir='ltr'><strong>ignominia</strong></span> <span class='ocrx_word' id='word_1_70' title='bbox 598 1104 702 1170; x_wconf 81' lang='lat' dir='ltr'><strong>exemit,</strong></span> <span class='ocrx_word' id='word_1_71' title='bbox 720 1105 930 1177; x_wconf 85' lang='lat' dir='ltr'><strong>concessitqueei</strong></span> <span class='ocrx_word' id='word_1_72' title='bbox 945 1110 1013 1176; x_wconf 69' lang='grc' dir='ltr'><strong>ρει-2</strong></span> 
     </span>
     <span class='ocr_line' id='line_1_11' title="bbox 198 1183 989 1254; baseline -0.005 -12"><span class='ocrx_word' id='word_1_73' title='bbox 198 1190 276 1243; x_wconf 86' lang='lat' dir='ltr'><strong>terna</strong></span> <span class='ocrx_word' id='word_1_74' title='bbox 291 1184 365 1249; x_wconf 91' lang='lat' dir='ltr'><strong>bona,</strong></span> <span class='ocrx_word' id='word_1_75' title='bbox 384 1183 446 1238; x_wconf 85' lang='lat' dir='ltr'><strong>satis</strong></span> <span class='ocrx_word' id='word_1_76' title='bbox 463 1183 557 1249; x_wconf 85' lang='lat' dir='ltr'><strong>firmus,</strong></span> <span class='ocrx_word' id='word_1_77' title='bbox 574 1188 604 1238; x_wconf 91' lang='lat' dir='ltr'><strong>ut</strong></span> <span class='ocrx_word' id='word_1_78' title='bbox 619 1202 686 1254; x_wconf 83' lang='lat' dir='ltr'><strong>saepe</strong></span> <span class='ocrx_word' id='word_1_79' title='bbox 699 1184 843 1250; x_wconf 82' lang='lat' dir='ltr'><strong>memoravi,</strong></span> <span class='ocrx_word' id='word_1_80' title='bbox 856 1183 989 1239; x_wconf 86' lang='lat' dir='ltr'><strong>adversum</strong></span> 
     </span>
     <span class='ocr_line' id='line_1_12' title="bbox 199 1260 987 1334; baseline -0.001 -17"><span class='ocrx_word' id='word_1_81' title='bbox 199 1262 342 1334; x_wconf 82' lang='lat' dir='ltr'><strong>pecuniam,</strong></span> <span class='ocrx_word' id='word_1_82' title='bbox 355 1264 382 1316; x_wconf 90' lang='lat' dir='ltr'><strong>et</strong></span> <span class='ocrx_word' id='word_1_83' title='bbox 393 1265 450 1315; x_wconf 89' lang='lat' dir='ltr'><strong>tum</strong></span> <span class='ocrx_word' id='word_1_84' title='bbox 461 1260 557 1331; x_wconf 85' lang='lat' dir='ltr'><strong>pudore</strong></span> <span class='ocrx_word' id='word_1_85' title='bbox 569 1260 692 1315; x_wconf 77' lang='lat' dir='ltr'><strong>absolute</strong></span> <span class='ocrx_word' id='word_1_86' title='bbox 700 1260 825 1320; x_wconf 78' lang='lat' dir='ltr'><strong>Plancium</strong></span> <span class='ocrx_word' id='word_1_87' title='bbox 836 1260 987 1333; x_wconf 79' lang='lat' dir='ltr'><strong>placabilior.</strong></span> 
     </span>
     <span class='ocr_line' id='line_1_13' title="bbox 199 1337 1012 1410; baseline -0.002 -15"><span class='ocrx_word' id='word_1_88' title='bbox 199 1342 288 1410; x_wconf 85' lang='lat' dir='ltr'><strong>Atque</strong></span> <span class='ocrx_word' id='word_1_89' title='bbox 305 1338 380 1403; x_wconf 86' lang='lat' dir='ltr'><strong>idern,</strong></span> <span class='ocrx_word' id='word_1_90' title='bbox 393 1356 450 1393; x_wconf 90' lang='lat' dir='ltr'><strong>cum</strong></span> <span class='ocrx_word' id='word_1_91' title='bbox 462 1337 580 1393; x_wconf 86' lang='lat' dir='ltr'><strong>Valerius</strong></span> <span class='ocrx_word' id='word_1_92' title='bbox 596 1337 751 1393; x_wconf 75' lang='lat' dir='ltr'><strong>Messalinus</strong></span> <span class='ocrx_word' id='word_1_93' title='bbox 765 1338 867 1409; x_wconf 81' lang='lat' dir='ltr'><strong>siguum</strong></span> <span class='ocrx_word' id='word_1_94' title='bbox 885 1347 1012 1393; x_wconf 68' lang='lat' dir='ltr'><strong>aureuma</strong></span> 
     </span>
     <span class='ocr_line' id='line_1_14' title="bbox 199 1414 990 1480; baseline -0.003 -8"><span class='ocrx_word' id='word_1_95' title='bbox 199 1418 228 1472; x_wconf 90' lang='lat' dir='ltr'><strong>in</strong></span> <span class='ocrx_word' id='word_1_96' title='bbox 246 1414 300 1471; x_wconf 72' lang='lat' dir='ltr'><strong>nde</strong></span> <span class='ocrx_word' id='word_1_97' title='bbox 317 1415 411 1471; x_wconf 84' lang='lat' dir='ltr'><strong>Martis</strong></span> <span class='ocrx_word' id='word_1_98' title='bbox 429 1414 536 1480; x_wconf 90' lang='lat' dir='ltr'><strong>Ultoris,</strong></span> <span class='ocrx_word' id='word_1_99' title='bbox 556 1415 659 1469; x_wconf 86' lang='lat' dir='ltr'><strong>Caecina</strong></span> <span class='ocrx_word' id='word_1_100' title='bbox 678 1416 787 1471; x_wconf 84' lang='lat' dir='ltr'><strong>Severus</strong></span> <span class='ocrx_word' id='word_1_101' title='bbox 806 1434 876 1469; x_wconf 89' lang='lat' dir='ltr'><strong>aram</strong></span> <span class='ocrx_word' id='word_1_102' title='bbox 898 1415 990 1470; x_wconf 88' lang='lat' dir='ltr'><strong>ultioni</strong></span> 
     </span>
     <span class='ocr_line' id='line_1_15' title="bbox 200 1491 990 1563; baseline -0.003 -14"><span class='ocrx_word' id='word_1_103' title='bbox 200 1492 363 1551; x_wconf 80' lang='lat' dir='ltr'><strong>statuendam</strong></span> <span class='ocrx_word' id='word_1_104' title='bbox 375 1492 540 1557; x_wconf 86' lang='lat' dir='ltr'><strong>censuissent,</strong></span> <span class='ocrx_word' id='word_1_105' title='bbox 556 1492 694 1563; x_wconf 89' lang='lat' dir='ltr'><strong>prohibuit,</strong></span> <span class='ocrx_word' id='word_1_106' title='bbox 710 1491 744 1546; x_wconf 92' lang='lat' dir='ltr'><strong>ob</strong></span> <span class='ocrx_word' id='word_1_107' title='bbox 762 1497 878 1546; x_wconf 86' lang='lat' dir='ltr'><strong>extemaa</strong></span> <span class='ocrx_word' id='word_1_108' title='bbox 894 1510 924 1546; x_wconf 90' lang='lat' dir='ltr'><strong>ea</strong></span> <span class='ocrx_word' id='word_1_109' title='bbox 939 1492 990 1547; x_wconf 89' lang='lat' dir='ltr'><strong>vic-</strong></span> 
     </span>
     <span class='ocr_line' id='line_1_16' title="bbox 200 1568 990 1640; baseline -0.004 -14"><span class='ocrx_word' id='word_1_110' title='bbox 200 1570 281 1627; x_wconf 85' lang='lat' dir='ltr'><strong>torias</strong></span> <span class='ocrx_word' id='word_1_111' title='bbox 299 1570 393 1625; x_wconf 86' lang='lat' dir='ltr'><strong>sacrari</strong></span> <span class='ocrx_word' id='word_1_112' title='bbox 410 1569 538 1638; x_wconf 83' lang='lat' dir='ltr'><strong>dictitans,</strong></span> <span class='ocrx_word' id='word_1_113' title='bbox 554 1569 694 1624; x_wconf 88' lang='lat' dir='ltr'><strong>domestica</strong></span> <span class='ocrx_word' id='word_1_114' title='bbox 707 1568 773 1623; x_wconf 88' lang='lat' dir='ltr'><strong>mula</strong></span> <span class='ocrx_word' id='word_1_115' title='bbox 787 1569 893 1623; x_wconf 88' lang='lat' dir='ltr'><strong>tristitia</strong></span> <span class='ocrx_word' id='word_1_116' title='bbox 909 1569 990 1640; x_wconf 81' lang='lat' dir='ltr'><strong>operi·</strong></span> 
     </span>
     <span class='ocr_line' id='line_1_17' title="bbox 201 1646 1015 1719; baseline -0.002 -16"><span class='ocrx_word' id='word_1_117' title='bbox 201 1647 275 1703; x_wconf 89' lang='lat' dir='ltr'><strong>enda.</strong></span> <span class='ocrx_word' id='word_1_118' title='bbox 305 1647 445 1703; x_wconf 78' lang='lat' dir='ltr'><strong>Addiderat</strong></span> <span class='ocrx_word' id='word_1_119' title='bbox 458 1646 610 1702; x_wconf 83' lang='lat' dir='ltr'><strong>Messalinus</strong></span> <span class='ocrx_word' id='word_1_120' title='bbox 619 1646 720 1702; x_wconf 79' lang='lat' dir='ltr'><strong>Tiberio</strong></span> <span class='ocrx_word' id='word_1_121' title='bbox 733 1651 759 1701; x_wconf 89' lang='lat' dir='ltr'><strong>et</strong></span> <span class='ocrx_word' id='word_1_122' title='bbox 768 1648 892 1719; x_wconf 74' lang='lat' dir='ltr'><strong>Augusta</strong></span> <span class='ocrx_word' id='word_1_123' title='bbox 903 1651 930 1703; x_wconf 92' lang='lat' dir='ltr'><strong>et</strong></span> <span class='ocrx_word' id='word_1_124' title='bbox 938 1649 1015 1701; x_wconf 66' lang='lat' dir='ltr'><strong>Ama</strong></span> 
     </span>
     <span class='ocr_line' id='line_1_18' title="bbox 201 1724 990 1798; baseline -0.003 -16"><span class='ocrx_word' id='word_1_125' title='bbox 201 1726 279 1782; x_wconf 80' lang='lat' dir='ltr'><strong>tenire</strong></span> <span class='ocrx_word' id='word_1_126' title='bbox 293 1728 320 1782; x_wconf 90' lang='lat' dir='ltr'><strong>et</strong></span> <span class='ocrx_word' id='word_1_127' title='bbox 335 1725 483 1798; x_wconf 79' lang='lat' dir='ltr'><strong>Agrippinae</strong></span> <span class='ocrx_word' id='word_1_128' title='bbox 500 1725 636 1797; x_wconf 85' lang='lat' dir='ltr'><strong>Drusoque</strong></span> <span class='ocrx_word' id='word_1_129' title='bbox 648 1724 681 1781; x_wconf 91' lang='lat' dir='ltr'><strong>ob</strong></span> <span class='ocrx_word' id='word_1_130' title='bbox 696 1724 833 1781; x_wconf 83' lang='lat' dir='ltr'><strong>vindictam</strong></span> <span class='ocrx_word' id='word_1_131' title='bbox 849 1724 990 1783; x_wconf 88' lang='lat' dir='ltr'><strong>Germanici</strong></span> 
     </span>
     <span class='ocr_line' id='line_1_19' title="bbox 202 1802 1015 1875; baseline -0.005 -15"><span class='ocrx_word' id='word_1_132' title='bbox 202 1808 288 1874; x_wconf 82' lang='lat' dir='ltr'><strong>grates</strong></span> <span class='ocrx_word' id='word_1_133' title='bbox 313 1803 431 1875; x_wconf 85' lang='lat' dir='ltr'><strong>agendas,</strong></span> <span class='ocrx_word' id='word_1_134' title='bbox 451 1803 619 1874; x_wconf 86' lang='lat' dir='ltr'><strong>omiseratque</strong></span> <span class='ocrx_word' id='word_1_135' title='bbox 638 1802 739 1858; x_wconf 83' lang='lat' dir='ltr'><strong>Claudii</strong></span> <span class='ocrx_word' id='word_1_136' title='bbox 758 1803 919 1862; x_wconf 86' lang='lat' dir='ltr'><strong>mentionem.</strong></span> <span class='ocrx_word' id='word_1_137' title='bbox 954 1803 1015 1858; x_wconf 80' lang='lat' dir='ltr'><strong>Et5</strong></span> 
     </span>
     <span class='ocr_line' id='line_1_20' title="bbox 201 1879 990 1952; baseline -0.001 -16"><span class='ocrx_word' id='word_1_138' title='bbox 201 1881 369 1936; x_wconf 86' lang='lat' dir='ltr'><strong>Messalinum</strong></span> <span class='ocrx_word' id='word_1_139' title='bbox 379 1879 480 1952; x_wconf 89' lang='lat' dir='ltr'><strong>quidem</strong></span> <span class='ocrx_word' id='word_1_140' title='bbox 492 1881 523 1935; x_wconf 86' lang='lat' dir='ltr'><strong>L.</strong></span> <span class='ocrx_word' id='word_1_141' title='bbox 533 1882 663 1952; x_wconf 86' lang='lat' dir='ltr'><strong>Asprenas</strong></span> <span class='ocrx_word' id='word_1_142' title='bbox 675 1885 766 1936; x_wconf 84' lang='lat' dir='ltr'><strong>senatu</strong></span> <span class='ocrx_word' id='word_1_143' title='bbox 776 1899 859 1936; x_wconf 90' lang='lat' dir='ltr'><strong>coram</strong></span> <span class='ocrx_word' id='word_1_144' title='bbox 871 1897 990 1952; x_wconf 84' lang='lat' dir='ltr'><strong>peronne·</strong></span> 
     </span>
     <span class='ocr_line' id='line_1_21' title="bbox 201 1957 991 2028; baseline 0 -16"><span class='ocrx_word' id='word_1_145' title='bbox 201 1962 274 2014; x_wconf 87' lang='lat' dir='ltr'><strong>tatus</strong></span> <span class='ocrx_word' id='word_1_146' title='bbox 287 1963 334 2023; x_wconf 87' lang='lat' dir='ltr'><strong>est,</strong></span> <span class='ocrx_word' id='word_1_147' title='bbox 343 1957 669 2028; x_wconf 82' lang='lat' dir='ltr'><strong>anprudenspraeterisset;</strong></span> <span class='ocrx_word' id='word_1_148' title='bbox 689 1963 781 2013; x_wconf 90' lang='lat' dir='ltr'><strong>aetum</strong></span> <span class='ocrx_word' id='word_1_149' title='bbox 790 1957 890 2014; x_wconf 90' lang='lat' dir='ltr'><strong>demum</strong></span> <span class='ocrx_word' id='word_1_150' title='bbox 899 1976 991 2013; x_wconf 91' lang='lat' dir='ltr'><strong>nomen</strong></span> 
     </span>
     <span class='ocr_line' id='line_1_22' title="bbox 203 2034 1014 2108; baseline -0.002 -18"><span class='ocrx_word' id='word_1_151' title='bbox 203 2035 304 2090; x_wconf 85' lang='lat' dir='ltr'><strong>Claudii</strong></span> <span class='ocrx_word' id='word_1_152' title='bbox 317 2034 471 2106; x_wconf 74' lang='lat' dir='ltr'><strong>adscriptum</strong></span> <span class='ocrx_word' id='word_1_153' title='bbox 487 2039 534 2090; x_wconf 88' lang='lat' dir='ltr'><strong>est.</strong></span> <span class='ocrx_word' id='word_1_154' title='bbox 571 2035 645 2100; x_wconf 87' lang='lat' dir='ltr'><strong>Mihi,</strong></span> <span class='ocrx_word' id='word_1_155' title='bbox 659 2039 754 2106; x_wconf 89' lang='lat' dir='ltr'><strong>quanto</strong></span> <span class='ocrx_word' id='word_1_156' title='bbox 766 2036 838 2108; x_wconf 88' lang='lat' dir='ltr'><strong>plura</strong></span> <span class='ocrx_word' id='word_1_157' title='bbox 851 2036 1014 2093; x_wconf 78' lang='lat' dir='ltr'><strong>recentiumt</strong></span> 
     </span>
     <span class='ocr_line' id='line_1_23' title="bbox 203 2112 990 2184; baseline -0.001 -16"><span class='ocrx_word' id='word_1_158' title='bbox 203 2131 251 2168; x_wconf 79' lang='lat' dir='ltr'><strong>seu</strong></span> <span class='ocrx_word' id='word_1_159' title='bbox 262 2117 377 2168; x_wconf 87' lang='lat' dir='ltr'><strong>veterum</strong></span> <span class='ocrx_word' id='word_1_160' title='bbox 389 2112 498 2177; x_wconf 87' lang='lat' dir='ltr'><strong>revolvo,</strong></span> <span class='ocrx_word' id='word_1_161' title='bbox 515 2116 588 2167; x_wconf 90' lang='lat' dir='ltr'><strong>tanto</strong></span> <span class='ocrx_word' id='word_1_162' title='bbox 605 2113 686 2184; x_wconf 83' lang='lat' dir='ltr'><strong>magis</strong></span> <span class='ocrx_word' id='word_1_163' title='bbox 701 2112 810 2168; x_wconf 88' lang='lat' dir='ltr'><strong>ludibria</strong></span> <span class='ocrx_word' id='word_1_164' title='bbox 824 2131 909 2167; x_wconf 88' lang='lat' dir='ltr'><strong>rerum</strong></span> <span class='ocrx_word' id='word_1_165' title='bbox 926 2131 990 2169; x_wconf 88' lang='lat' dir='ltr'><strong>mor-</strong></span> 
     </span>
     <span class='ocr_line' id='line_1_24' title="bbox 203 2189 1016 2262; baseline -0.005 -14"><span class='ocrx_word' id='word_1_166' title='bbox 203 2191 294 2248; x_wconf 82' lang='lat' dir='ltr'><strong>talium</strong></span> <span class='ocrx_word' id='word_1_167' title='bbox 310 2189 408 2246; x_wconf 85' lang='lat' dir='ltr'><strong>cunctis</strong></span> <span class='ocrx_word' id='word_1_168' title='bbox 424 2191 452 2245; x_wconf 93' lang='lat' dir='ltr'><strong>in</strong></span> <span class='ocrx_word' id='word_1_169' title='bbox 465 2191 574 2261; x_wconf 83' lang='lat' dir='ltr'><strong>negotiis</strong></span> <span class='ocrx_word' id='word_1_170' title='bbox 593 2191 766 2246; x_wconf 90' lang='lat' dir='ltr'><strong>obversantur.</strong></span> <span class='ocrx_word' id='word_1_171' title='bbox 803 2191 901 2262; x_wconf 83' lang='lat' dir='ltr'><strong>Quippe</strong></span> <span class='ocrx_word' id='word_1_172' title='bbox 916 2190 1016 2260; x_wconf 69' lang='lat' dir='ltr'><strong>fama?</strong></span> 
     </span>
     <span class='ocr_line' id='line_1_25' title="bbox 202 2267 990 2340; baseline -0.003 -16"><span class='ocrx_word' id='word_1_173' title='bbox 202 2287 256 2340; x_wconf 84' lang='lat' dir='ltr'><strong>sps,</strong></span> <span class='ocrx_word' id='word_1_174' title='bbox 275 2267 443 2333; x_wconf 88' lang='lat' dir='ltr'><strong>veneratione,</strong></span> <span class='ocrx_word' id='word_1_175' title='bbox 461 2267 546 2339; x_wconf 87' lang='lat' dir='ltr'><strong>potius</strong></span> <span class='ocrx_word' id='word_1_176' title='bbox 562 2285 650 2322; x_wconf 86' lang='lat' dir='ltr'><strong>omnes</strong></span> <span class='ocrx_word' id='word_1_177' title='bbox 670 2267 863 2324; x_wconf 88' lang='lat' dir='ltr'><strong>destinabantur</strong></span> <span class='ocrx_word' id='word_1_178' title='bbox 877 2268 990 2339; x_wconf 91' lang='lat' dir='ltr'><strong>imperio,</strong></span> 
     </span>
     <span class='ocr_line' id='line_1_26' title="bbox 202 2343 991 2416; baseline 0.003 -18"><span class='ocrx_word' id='word_1_179' title='bbox 202 2364 281 2416; x_wconf 87' lang='lat' dir='ltr'><strong>quam</strong></span> <span class='ocrx_word' id='word_1_180' title='bbox 294 2363 368 2416; x_wconf 88' lang='lat' dir='ltr'><strong>quem</strong></span> <span class='ocrx_word' id='word_1_181' title='bbox 380 2343 495 2400; x_wconf 85' lang='lat' dir='ltr'><strong>futurum</strong></span> <span class='ocrx_word' id='word_1_182' title='bbox 508 2345 646 2416; x_wconf 86' lang='lat' dir='ltr'><strong>principem</strong></span> <span class='ocrx_word' id='word_1_183' title='bbox 658 2345 761 2400; x_wconf 84' lang='lat' dir='ltr'><strong>fortuna</strong></span> <span class='ocrx_word' id='word_1_184' title='bbox 771 2344 799 2399; x_wconf 91' lang='lat' dir='ltr'><strong>in</strong></span> <span class='ocrx_word' id='word_1_185' title='bbox 810 2343 909 2400; x_wconf 84' lang='lat' dir='ltr'><strong>occulto</strong></span> <span class='ocrx_word' id='word_1_186' title='bbox 923 2351 991 2401; x_wconf 83' lang='lat' dir='ltr'><strong>tene</strong></span> 
     </span>
     <span class='ocr_line' id='line_1_27' title="bbox 203 2421 1040 2494; baseline 0.002 -16"><span class='ocrx_word' id='word_1_187' title='bbox 203 2423 257 2478; x_wconf 88' lang='lat' dir='ltr'><strong>bat.</strong></span> <span class='ocrx_word' id='word_1_188' title='bbox 294 2422 386 2477; x_wconf 85' lang='lat' dir='ltr'><strong>Paucis</strong></span> <span class='ocrx_word' id='word_1_189' title='bbox 410 2427 468 2494; x_wconf 88' lang='lat' dir='ltr'><strong>post</strong></span> <span class='ocrx_word' id='word_1_190' title='bbox 491 2421 580 2476; x_wconf 85' lang='lat' dir='ltr'><strong>diebus</strong></span> <span class='ocrx_word' id='word_1_191' title='bbox 605 2421 691 2476; x_wconf 83' lang='lat' dir='ltr'><strong>Caesar</strong></span> <span class='ocrx_word' id='word_1_192' title='bbox 710 2425 799 2477; x_wconf 87' lang='lat' dir='ltr'><strong>auctor</strong></span> <span class='ocrx_word' id='word_1_193' title='bbox 822 2422 922 2478; x_wconf 90' lang='lat' dir='ltr'><strong>senatui</strong></span> <span class='ocrx_word' id='word_1_194' title='bbox 941 2423 1040 2482; x_wconf 81' lang='lat' dir='ltr'><strong>suitl9</strong></span> 
     </span>
     <span class='ocr_line' id='line_1_28' title="bbox 207 2497 991 2570; baseline 0.001 -16"><span class='ocrx_word' id='word_1_195' title='bbox 207 2498 311 2554; x_wconf 88' lang='lat' dir='ltr'><strong>Vitellio</strong></span> <span class='ocrx_word' id='word_1_196' title='bbox 323 2503 399 2570; x_wconf 89' lang='lat' dir='ltr'><strong>atque</strong></span> <span class='ocrx_word' id='word_1_197' title='bbox 413 2498 524 2553; x_wconf 87' lang='lat' dir='ltr'><strong>Veranio</strong></span> <span class='ocrx_word' id='word_1_198' title='bbox 540 2503 567 2553; x_wconf 88' lang='lat' dir='ltr'><strong>et</strong></span> <span class='ocrx_word' id='word_1_199' title='bbox 584 2499 684 2553; x_wconf 80' lang='lat' dir='ltr'><strong>Servoeo</strong></span> <span class='ocrx_word' id='word_1_200' title='bbox 701 2497 841 2554; x_wconf 89' lang='lat' dir='ltr'><strong>sacerdotia</strong></span> <span class='ocrx_word' id='word_1_201' title='bbox 855 2499 991 2555; x_wconf 84' lang='lat' dir='ltr'><strong>tribuendi.</strong></span> 
     </span>
     <span class='ocr_line' id='line_1_29' title="bbox 203 2574 992 2647; baseline 0.001 -16"><span class='ocrx_word' id='word_1_202' title='bbox 203 2575 321 2632; x_wconf 81' lang='lat' dir='ltr'><strong>Fulcinio</strong></span> <span class='ocrx_word' id='word_1_203' title='bbox 345 2575 494 2644; x_wconf 79' lang='lat' dir='ltr'><strong>suffragium</strong></span> <span class='ocrx_word' id='word_1_204' title='bbox 512 2574 544 2629; x_wconf 89' lang='lat' dir='ltr'><strong>ad</strong></span> <span class='ocrx_word' id='word_1_205' title='bbox 560 2575 669 2630; x_wconf 87' lang='lat' dir='ltr'><strong>honores</strong></span> <span class='ocrx_word' id='word_1_206' title='bbox 686 2575 820 2647; x_wconf 87' lang='lat' dir='ltr'><strong>pollicitus,</strong></span> <span class='ocrx_word' id='word_1_207' title='bbox 838 2577 937 2632; x_wconf 89' lang='lat' dir='ltr'><strong>monuit</strong></span> <span class='ocrx_word' id='word_1_208' title='bbox 960 2595 992 2632; x_wconf 91' lang='lat' dir='ltr'><strong>ne</strong></span> 
     </span>
     <span class='ocr_line' id='line_1_30' title="bbox 204 2651 1017 2723; baseline -0.005 -13"><span class='ocrx_word' id='word_1_209' title='bbox 204 2652 351 2710; x_wconf 80' lang='lat' dir='ltr'><strong>facundiam</strong></span> <span class='ocrx_word' id='word_1_210' title='bbox 368 2651 488 2708; x_wconf 86' lang='lat' dir='ltr'><strong>violentia</strong></span> <span class='ocrx_word' id='word_1_211' title='bbox 510 2652 688 2723; x_wconf 72' lang='lat' dir='ltr'><strong>precipitaret.</strong></span> <span class='ocrx_word' id='word_1_212' title='bbox 723 2653 752 2708; x_wconf 90' lang='lat' dir='ltr'><strong>Is</strong></span> <span class='ocrx_word' id='word_1_213' title='bbox 769 2653 826 2708; x_wconf 90' lang='lat' dir='ltr'><strong>finis</strong></span> <span class='ocrx_word' id='word_1_214' title='bbox 846 2654 896 2708; x_wconf 82' lang='lat' dir='ltr'><strong>luit</strong></span> <span class='ocrx_word' id='word_1_215' title='bbox 919 2654 1017 2709; x_wconf 69' lang='lat' dir='ltr'><strong>ulcist</strong></span> 
     </span>
     <span class='ocr_line' id='line_1_31' title="bbox 203 2733 992 2806; baseline -0.001 -15"><span class='ocrx_word' id='word_1_216' title='bbox 203 2734 285 2792; x_wconf 84' lang='lat' dir='ltr'><strong>eeuda</strong></span> <span class='ocrx_word' id='word_1_217' title='bbox 304 2734 448 2790; x_wconf 85' lang='lat' dir='ltr'><strong>Germanioi</strong></span> <span class='ocrx_word' id='word_1_218' title='bbox 466 2739 554 2799; x_wconf 85' lang='lat' dir='ltr'><strong>morte,</strong></span> <span class='ocrx_word' id='word_1_219' title='bbox 572 2753 624 2789; x_wconf 88' lang='lat' dir='ltr'><strong>uon</strong></span> <span class='ocrx_word' id='word_1_220' title='bbox 637 2733 713 2789; x_wconf 91' lang='lat' dir='ltr'><strong>modo</strong></span> <span class='ocrx_word' id='word_1_221' title='bbox 729 2735 796 2806; x_wconf 91' lang='lat' dir='ltr'><strong>apud</strong></span> <span class='ocrx_word' id='word_1_222' title='bbox 809 2735 865 2790; x_wconf 89' lang='lat' dir='ltr'><strong>illos</strong></span> <span class='ocrx_word' id='word_1_223' title='bbox 879 2736 992 2791; x_wconf 85' lang='lat' dir='ltr'><strong>homines</strong></span> 
     </span>
     <span class='ocr_line' id='line_1_32' title="bbox 205 2810 993 2883; baseline -0.003 -16"><span class='ocrx_word' id='word_1_224' title='bbox 205 2813 315 2883; x_wconf 88' lang='lat' dir='ltr'><strong>quitum</strong></span> <span class='ocrx_word' id='word_1_225' title='bbox 325 2810 442 2882; x_wconf 84' lang='lat' dir='ltr'><strong>egebant,</strong></span> <span class='ocrx_word' id='word_1_226' title='bbox 452 2812 528 2866; x_wconf 85' lang='lat' dir='ltr'><strong>etium</strong></span> <span class='ocrx_word' id='word_1_227' title='bbox 538 2811 632 2868; x_wconf 89' lang='lat' dir='ltr'><strong>secutis</strong></span> <span class='ocrx_word' id='word_1_228' title='bbox 641 2812 805 2883; x_wconf 85' lang='lat' dir='ltr'><strong>temporibus,</strong></span> <span class='ocrx_word' id='word_1_229' title='bbox 814 2813 884 2867; x_wconf 90' lang='lat' dir='ltr'><strong>vario</strong></span> <span class='ocrx_word' id='word_1_230' title='bbox 893 2830 993 2866; x_wconf 87' lang='lat' dir='ltr'><strong>rumore</strong></span> 
     </span>
     <span class='ocr_line' id='line_1_33' title="bbox 203 2887 1145 2962; baseline -0.003 -18"><span class='ocrx_word' id='word_1_231' title='bbox 203 2889 308 2960; x_wconf 77' lang='lat' dir='ltr'><strong>jactata.</strong></span> <span class='ocrx_word' id='word_1_232' title='bbox 344 2887 416 2943; x_wconf 84' lang='lat' dir='ltr'><strong>Adeo</strong></span> <span class='ocrx_word' id='word_1_233' title='bbox 428 2888 537 2943; x_wconf 83' lang='lat' dir='ltr'><strong>maxima</strong></span> <span class='ocrx_word' id='word_1_234' title='bbox 552 2908 658 2960; x_wconf 86' lang='lat' dir='ltr'><strong>quaeque</strong></span> <span class='ocrx_word' id='word_1_235' title='bbox 670 2888 788 2959; x_wconf 81' lang='lat' dir='ltr'><strong>ambigua</strong></span> <span class='ocrx_word' id='word_1_236' title='bbox 799 2894 866 2952; x_wconf 89' lang='lat' dir='ltr'><strong>sunt,</strong></span> <span class='ocrx_word' id='word_1_237' title='bbox 879 2888 939 2942; x_wconf 88' lang='lat' dir='ltr'><strong>dnm</strong></span> <span class='ocrx_word' id='word_1_238' title='bbox 951 2888 1017 2944; x_wconf 68' lang='lat' dir='ltr'><strong>aliis</strong></span> <span class='ocrx_word' id='word_1_239' title='bbox 1050 2958 1052 2962; x_wconf 14' lang='grc' dir='ltr'><em>Α</em></span> <span class='ocrx_word' id='word_1_240' title='bbox 1144 2938 1145 2941; x_wconf 76' lang='grc'>,</span> 
     </span>
     <span class='ocr_line' id='line_1_34' title="bbox 206 2963 1146 3214; baseline -0.003 -194"><span class='ocrx_word' id='word_1_241' title='bbox 206 2964 396 3036; x_wconf 89' lang='lat' dir='ltr'><strong>quoquomodo</strong></span> <span class='ocrx_word' id='word_1_242' title='bbox 413 2963 501 3020; x_wconf 83' lang='lat' dir='ltr'><strong>audita</strong></span> <span class='ocrx_word' id='word_1_243' title='bbox 511 2983 557 3036; x_wconf 90' lang='lat' dir='ltr'><strong>pro</strong></span> <span class='ocrx_word' id='word_1_244' title='bbox 574 2966 711 3036; x_wconf 86' lang='lat' dir='ltr'><strong>compertis</strong></span> <span class='ocrx_word' id='word_1_245' title='bbox 723 2965 825 3031; x_wconf 85' lang='lat' dir='ltr'><strong>habent,</strong></span> <span class='ocrx_word' id='word_1_246' title='bbox 837 2964 880 3020; x_wconf 87' lang='lat' dir='ltr'><strong>alii</strong></span> <span class='ocrx_word' id='word_1_247' title='bbox 896 2982 956 3019; x_wconf 86' lang='lat' dir='ltr'><strong>vera</strong></span> <span class='ocrx_word' id='word_1_248' title='bbox 967 2963 994 3018; x_wconf 89' lang='lat' dir='ltr'><strong>in</strong></span> <span class='ocrx_word' id='word_1_249' title='bbox 1104 2972 1146 3214; x_wconf 33' lang='lat' dir='ltr'>j</span> 
     </span>
    </p>
   </div>
   <div class='ocr_carea' id='block_1_4' title="bbox 0 0 1286 3500">
    <p class='ocr_par' dir='ltr' id='par_1_4' title="bbox 0 0 1286 3500">
     <span class='ocr_line' id='line_1_35' title="bbox 0 0 1286 3500; baseline 0 0"><span class='ocrx_word' id='word_1_250' title='bbox 0 0 1286 3500; x_wconf 95' lang='lat' dir='ltr'><strong> </strong></span> 
     </span>
    </p>
   </div>
  </div>
 </body>
</html>
