2550 3500
296 352 344 404 m
625 349 745 401 ramur

926 410 1087 463 [aarum

295 466 370 530 esset,
383 462 472 519 cedere
483 462 566 535 patria
577 466 603 519 et
619 462 818 520 Massiliensium
833 462 959 517 menibus
974 463 1089 518 coerceri

297 542 406 597 'ubetun

249 561 303 681 48J
330 618 416 674 Isdem
433 616 578 673 consulibus
596 616 690 673 audite
708 617 907 672 Puteolanorum
924 616 1089 689 legationes;

294 714 356 769 quas
369 696 479 751 diverses
492 695 560 760 ordo,
574 694 653 765 plebs,
666 694 699 750 ad
710 700 827 750 senatum
838 696 966 761 miserant,
980 694 1018 749 illi
1034 695 1088 749 vim

293 774 470 841 multitudinis,
482 772 510 827 hi
521 773 716 845 magistratuum
732 777 759 827 et
776 772 850 844 primi
863 773 986 844 cujusque
1004 773 1087 828 uvari-

271 852 355 907 2tiam
378 852 544 921 increpantes.
587 850 676 921 anue
700 849 792 905 seditio
815 849 849 904 ad
870 869 933 905 sara
955 854 981 905 et
1001 850 1087 905 minas

292 928 389 999 ignium
414 930 612 999 progressa†ne
632 944 720 982 necem
740 932 768 981 et
790 946 862 982 mura
883 928 1026 998 proliceret,
1053 928 1084 982 G.

271 1006 396 1062 SGassius
409 1004 549 1060 adhibendo
561 1004 671 1059 remedio
684 1004 804 1060 delectus.
841 1005 910 1065 Quia
921 1006 1084 1060 severitatem
1135 1019 1137 1052 l

293 1082 347 1153 ejus
364 1100 417 1137 nou
433 1082 583 1148 tolerabant,
604 1086 723 1153 precante
739 1082 795 1153 ipso
814 1081 847 1136 ad
866 1082 1011 1137 Scribonios
1032 1083 1083 1137 ira·

292 1162 345 1215 tres
363 1178 393 1214 ea
411 1178 472 1215 eura
488 1160 650 1225 transfertur,
668 1159 727 1214 data
743 1160 847 1214 cohorte
862 1160 987 1231 pretoria,
1006 1162 1082 1232 cujus

291 1240 388 1291 terrore
411 1241 438 1293 et
461 1255 599 1309 paucorum
622 1237 745 1308 supplicio
768 1236 845 1292 rediit
867 1236 999 1309 oppidanis
1023 1256 1082 1293 eon·

291 1312 383 1371 cordra

245 1390 284 1446 49
326 1391 387 1446 Nou
398 1391 519 1447 referrem
531 1391 734 1463 vulgatissimum
745 1394 848 1446 senatus
861 1392 1012 1457 consultum,
1030 1410 1080 1463 quo

291 1467 389 1525 civitati
401 1469 614 1540 Syracusanorum
626 1468 713 1540 egredi
724 1488 857 1523 numerum
868 1468 971 1524 edendis
986 1468 1081 1540 gladia
1134 1509 1137 1566 l

290 1546 389 1602 toribus
400 1547 499 1602 finitum
512 1546 714 1618 permittebatur,
726 1546 776 1601 nisi
792 1547 878 1601 Paetus
894 1546 1006 1601 Thrasea
1022 1566 1080 1603 eon·

290 1626 332 1677 tra
355 1624 467 1689 dixisset,
492 1624 691 1695 praebuissetque
714 1624 845 1679 materiem
864 1623 1080 1681 obtrectatoribus

269 1700 425 1772 targuendae
437 1702 576 1756 sententia.
613 1701 667 1756 Gur
678 1702 752 1767 enim,
765 1701 788 1756 si
799 1720 852 1757 rem
868 1700 994 1774 publicam
1003 1721 1079 1775 egere

289 1777 408 1833 libertate
425 1779 553 1834 senatoria
569 1779 691 1844 erederet,
713 1784 767 1834 tam
786 1779 852 1834 levia
868 1783 1079 1837 consectaretur?

290 1855 361 1914 Quin
373 1854 481 1910 debello
493 1860 538 1910 eut
550 1874 618 1926 paee,
632 1855 664 1911 de
675 1855 842 1927 vectigalibus
859 1864 886 1911 et
904 1857 1010 1928 legibus,
1024 1859 1080 1930 qui-

289 1931 387 2003 busque
407 1931 461 1986 aliis
482 1932 598 1987 Romana
618 1933 788 1998 eontinentur,
810 1933 928 1988 suaderet
951 1934 1081 1991 dissuade-
1135 1930 1137 1973 Ι

288 2011 380 2065 retve?
400 2009 476 2064 lieere
494 2009 616 2080 patribus,
630 2011 747 2081 quotiens
761 2011 804 2082 jus
816 2010 928 2066 dicendae
945 2014 1079 2069 sententiae

289 2087 451 2159 accepissent,
465 2105 520 2158 quae
532 2087 633 2156 vellent,
641 2106 794 2158 expromere,
802 2088 999 2160 relationemque
1009 2091 1039 2145 in
1050 2109 1080 2145 ea

266 2165 423 2237 apostulare.
450 2165 493 2220 An
504 2165 586 2220 solum
599 2165 773 2220 emendatione
785 2164 891 2236 dignum
901 2185 934 2221 ne
947 2167 1079 2239 Syracusis

288 2243 431 2312 spectacula
442 2242 537 2314 largius
549 2242 704 2298 ederentur?
722 2247 807 2298 cetera
818 2261 863 2312 per
880 2262 967 2299 omnes
979 2244 1079 2316 imperii

287 2324 372 2390 partes
388 2319 491 2392 perinde
503 2320 611 2392 egregia,
625 2338 701 2390 quam
718 2320 805 2374 sinon
817 2319 888 2375 Nero
906 2321 950 2376 sed
967 2321 1080 2378 Thrasea

266 2396 400 2467 tregimeu
417 2415 506 2452 eorum
517 2399 635 2452 teneret?
654 2396 754 2456 Quodsi
765 2415 864 2452 summa
878 2397 1078 2456 dissimulatione

287 2474 527 2541 transmitterentur,
540 2478 635 2546 quanto
653 2474 733 2546 magis
750 2474 868 2530 inanibus
880 2475 1076 2534 abstinendum?

265 2549 397 2605 5Thrasea
411 2555 506 2618 eontra,
519 2553 643 2608 rationem
659 2551 822 2623 poscentibus
839 2553 934 2619 amieis,
946 2573 998 2610 non
1014 2572 1076 2626 praa

287 2627 397 2682 sentium
408 2627 524 2698 ignarum
541 2628 709 2700 respondebat
727 2628 852 2701 ejusmodi
868 2631 984 2687 consulta
1000 2633 1076 2687 corri-

286 2722 353 2776 gere,
373 2703 417 2759 sed
436 2708 535 2774 patrum
553 2705 644 2760 honori
666 2707 741 2774 dure3
768 2712 799 2761 ut
821 2707 984 2764 menifestum
1003 2709 1075 2765 tieret

285 2799 432 2854 magnarum
444 2799 528 2836 reram
537 2799 623 2837 euram
631 2801 684 2837 non
691 2783 900 2854 dissimulaturos,
909 2786 953 2858 qui
963 2788 1074 2842 animum

285 2859 361 2914 etiam
372 2858 504 2914 levissimis
516 2857 684 2914 adverterent.

240 2939 280 2994 50
319 2935 415 2992 Ilodem
427 2953 492 2990 auno
509 2935 604 2992 crebris
618 2936 706 3008 populi
720 2938 928 3011 flagitationibus,
939 2940 1069 2998 immodss
