2550 3500
193 469 209 506 A
226 468 244 506 D
261 467 303 516 M]
409 403 604 452 ANNALIUM
624 402 644 450 l.
657 393 760 451 28-31'.
954 404 984 451 19

193 517 222 570 ad
230 517 359 571 Tiberium
370 515 517 570 mittuntur.
554 517 685 570 Certatum
697 513 756 570 inde
772 514 913 581 sententiis,
926 528 1006 574 cuma

192 593 232 648 alii
243 593 409 665 opperiendos
421 593 520 664 legatos
533 596 609 664 atque
625 593 727 646 interim
743 593 862 647 comitate
877 593 986 663 permnl.

191 671 296 725 cendum
308 670 414 725 militem
423 675 562 736 censerent,
574 670 616 724 alii
627 669 774 724 fortioribus
787 669 903 724 remediis
913 689 987 742 agen-

191 748 265 803 dmn:
289 748 353 802 nihil
373 747 400 802 in
419 748 498 820 vulgo
518 747 661 815 modicum3
686 752 790 812 terrere,
812 747 839 801 ni
859 753 987 818 paveaut;

191 827 234 882 nbi
246 826 431 898 pertimuerint,
441 827 544 897 impune
557 826 696 892 contemni3
716 825 776 880 dum
788 826 936 896 superstitio
947 845 989 879 ur·

191 908 257 974 geat,
272 903 425 974 adjiciendos
437 921 469 958 ex
481 903 545 958 duce
558 908 643 958 metus
660 903 767 958 sublatis
783 903 914 958 seditionis
931 922 988 958 auc

191 981 296 1036 toribus.
333 981 484 1052 Promptum
493 981 526 1034 ad
537 981 665 1052 asperiora
676 981 805 1052 ingemunt
818 981 904 1035 Druso
917 984 971 1035 erat
980 989 1011 1036 :4

191 1063 294 1114 vocatos
305 1057 462 1112 Vibulenum
474 1062 500 1112 et
512 1059 681 1112 Percennium
692 1058 802 1113 interfici
811 1058 892 1129 jubet.
928 1058 988 1112 lha-

192 1137 255 1191 dunt
267 1135 381 1207 plerique
393 1135 460 1189 intra
471 1135 662 1190 tabernaculum
674 1135 745 1191 ducis
757 1135 870 1202 obrutos,
881 1135 924 1190 alii
935 1154 989 1191 cor·

192 1233 253 1286 pora
265 1218 339 1270 extra
349 1213 443 1268 vallum
457 1213 555 1285 abjecta
566 1215 687 1269 ostentui.

226 1293 301 1356 Tum,
319 1295 349 1346 ut
368 1291 475 1362 quisque
489 1291 631 1362 praecipuus
648 1290 775 1357 turbator,
790 1292 926 1363 conquisiti
935 1315 943 1358 ;
962 1295 988 1347 et
996 1289 1035 1344 30

193 1386 258 1438 pars,
280 1372 354 1424 extra
372 1371 455 1424 castra
471 1368 592 1440 palantes,
607 1387 622 1423 a
637 1369 828 1424 centurionibus
840 1376 885 1424 eut
897 1374 989 1440 praeto-

192 1448 287 1502 riarum
307 1445 450 1502 cohortium
467 1445 533 1500 milit
534 1445 590 1502 ibus
610 1447 683 1514 caesi3
702 1446 825 1518 quosdam
844 1447 894 1518 ipsi
911 1448 989 1502 meni·

192 1525 252 1594 puli,
273 1524 454 1579 documentum
477 1523 544 1590 fidei,
569 1523 704 1580 tradidere
740 1527 856 1579 Auxerat
879 1525 1010 1580 militum2

193 1620 265 1656 curas
290 1605 445 1672 praematura
466 1601 556 1666 hiems,
580 1602 704 1658 imbribus
724 1602 853 1657 continuis
876 1602 989 1690 adeoque

193 1680 273 1744 savia,
295 1682 327 1733 ut
342 1696 395 1732 non
409 1677 496 1751 egredi
509 1683 566 1734 tent
555 1680 627 1745 toria,
645 1679 795 1753 congregari
810 1679 849 1734 int
850 1699 878 1735 er
893 1697 928 1744 se,
945 1680 990 1734 vix

193 1758 273 1813 tuteu‘i
286 1775 361 1829 srgna
371 1762 483 1827 possen
496 1762 576 1828 quet
564 1758 666 1813 urbme
678 1765 755 1829 atque
772 1758 842 1813 unda
856 1758 989 1829 raptaban-

193 1839 242 1891 tur.
279 1834 435 1890 Durabatet
448 1834 556 1889 formido
573 1836 706 1891 ceelestis'
698 1855 751 1901 rrae,
768 1854 815 1891 nec
833 1836 900 1890 frust
888 1841 930 1890 tra
947 1835 1011 1891 add

193 1932 281 1968 versus
294 1912 385 1983 impios
397 1912 533 1967 hebescere
545 1910 635 1978 sidera,
649 1932 723 1969 ruere
734 1918 918 1985 tempestates:
936 1932 989 1969 non

193 1990 261 2045 aliud
279 1990 404 2045 malorum
422 1989 593 2045 levamentum
613 1992 727 2061 quamsi
743 1992 887 2063 linquerent
905 1996 990 2046 castra

192 2070 305 2125 infausta
316 2071 498 2139 temerataque,
512 2072 538 2123 et
551 2069 629 2124 soluti
641 2070 741 2141 piaculo
758 2072 812 2125 suis
829 2072 936 2141 quisque
951 2070 990 2124 bi·

192 2146 277 2202 bernis
299 2144 474 2201 redderentur.
511 2146 626 2201 Primum
645 2152 743 2213 octava,
763 2146 823 2202 dein
843 2148 932 2218 quinta
947 2147 1012 2202 ded

193 2226 259 2279 eima
270 2224 339 2295 legio
350 2223 455 2279 rediere.
491 2223 617 2279 Nouanus
632 2225 797 2297 opperiendas
813 2225 908 2280 'llberii
925 2226 989 2297 epis-

192 2303 258 2357 tolas
283 2302 464 2366 clamitaverat,
486 2318 546 2356 mox
565 2302 693 2357 desolatus
711 2303 818 2358 aliorum
837 2302 989 2358 disoessione

192 2380 368 2434 imminentem
379 2378 557 2433 necessitatem
570 2387 661 2451 sponte
672 2382 802 2451 prevenit.
837 2380 874 2435 Et
887 2381 1011 2441 Drusns5

191 2476 245 2512 non
256 2460 405 2528 exspectato
416 2455 559 2527 legatorum
571 2475 697 2529 regressu,
705 2458 765 2531 quia
775 2458 912 2530 presentia
923 2459 987 2514 satis

192 2534 369 2599 consederent,
382 2534 410 2589 in
420 2532 510 2588 urbem
521 2533 605 2589 rediit.

226 2612 316 2668 Isdem
328 2610 407 2665 ferme
420 2610 509 2667 diebus
521 2611 602 2667 isdem
614 2612 697 2667 causis
710 2612 865 2669 Germanicae
876 2613 989 2685 legiones
997 2623 1033 2676 31

192 2690 311 2755 turbate,
326 2693 421 2760 quanto
433 2688 526 2760 plures,
539 2693 613 2744 tanto
631 2690 775 2757 violentius,
793 2698 819 2746 et
835 2709 928 2763 magna
945 2711 990 2763 spe

192 2768 247 2823 sore
264 2777 297 2823 ut
315 2766 480 2823 Germanicus
500 2766 586 2822 Caesar
606 2766 740 2839 imperium
757 2768 862 2824 alterius
877 2770 933 2839 pati
947 2788 990 2823 ne-

193 2846 285 2916 quiret,
307 2844 431 2917 daretque
447 2863 475 2901 se
488 2840 631 2917 legionibus
648 2846 736 2901 visua
751 2851 844 2902 cuncta
860 2846 989 2901 tracturis.

193 2922 253 2981 Duo
277 2922 348 2995 apud
369 2923 450 2995 ripam
471 2923 558 2979 Rheni
577 2924 704 2980 exercitus
728 2928 815 2979 erant:
834 2924 876 2980 cui
898 2929 1012 2978 nument

194 3004 322 3072 superiori,
345 3000 393 3057 snb
417 3001 447 3057 C.
466 3000 528 3057 Silio
550 3000 652 3075 legato;
676 3002 820 3058 inferiorem
838 3003 871 3055 A.
890 3000 991 3055 Caecina
