2550 3500
192 416 211 469 Δ,
229 421 307 479 Mo]
388 367 585 417 ANNALIUM
602 368 671 417 XIV.
684 370 790 419 21—24.
933 366 980 416 815

191 480 245 533 lum
257 478 355 533 Neroni
371 478 440 544 tulit,
454 479 514 549 quia
524 478 620 534 fontem
637 497 709 550 aqua
725 478 829 533 Marciae
843 476 875 532 ad
893 476 982 532 urbem

191 554 306 611 deducte
321 555 405 610 nando
422 555 575 623 incesserat3
601 556 784 635 videbaturque
804 558 881 627 potus
898 572 982 609 sacros

191 636 218 686 et
235 632 403 687 acrimoniam
420 632 470 686 loci
487 648 592 703 corpore
607 632 661 687 loto
677 632 803 703 polluisse.
839 632 982 702 Secuthue

191 727 283 779 auceps
294 708 407 764 valitudo
419 708 484 762 uam
495 708 571 763 defrm
582 709 722 763 affirmavit.

225 786 262 840 At
284 784 402 850 Corbulo,
421 787 480 856 post
498 784 581 839 deleta
600 786 726 839 Artaxata
744 784 866 841 utendum
886 783 1026 841 recenti28

191 864 289 917 termre
300 865 371 916 ratus
384 861 416 915 ad
427 861 573 932 occupanda
583 862 770 933 Tigranocerta,
784 861 875 932 quibus
891 861 982 915 excisis

191 943 289 993 metum
300 939 412 993 hostium
423 938 566 994 intenderet
577 939 625 1004 vel,
636 940 659 994 si
670 940 831 1011 pepercisset,
844 938 982 993 elementiae

191 1016 285 1070 famam
297 1015 486 1086 adipisceretur,
497 1016 558 1071 illuc
568 1016 669 1088 pergit3
688 1035 740 1071 non
750 1013 848 1071 infenso
860 1015 981 1081 exercitu,

191 1112 224 1148 ne
246 1111 317 1163 spem
335 1093 415 1147 veuiae
435 1092 553 1158 auferret,
574 1111 657 1164 neque
679 1096 766 1149 tamen
784 1093 890 1147 remissa
913 1110 981 1158 cura,

191 1188 287 1240 gnarus
298 1168 397 1223 facilem
407 1172 509 1224 mutatu
525 1173 635 1241 gentem,
648 1173 678 1224 ut
695 1188 798 1241 segnem
815 1170 847 1224 ad
863 1169 980 1241 pericula,

191 1248 230 1301 ita
246 1245 348 1300 infidam
365 1245 398 1300 ad
416 1246 566 1302 occasiones.
601 1246 715 1311 Barbari,
734 1264 780 1317 pro
796 1246 897 1317 ingenio
916 1246 1004 1317 quis-2

193 1341 250 1393 que,
264 1322 306 1377 alii
316 1341 404 1393 preces
415 1323 512 1391 offerre,
525 1322 627 1396 quidam
639 1323 754 1379 deserere
765 1323 834 1378 vicos
850 1329 876 1379 et
888 1323 915 1378 in
927 1322 983 1378 avia

193 1398 292 1470 digredi
300 1422 308 1466 ;
327 1418 356 1454 ac
367 1400 439 1454 fuere
451 1401 496 1469 qui
507 1419 535 1455 se
551 1400 684 1471 speluncis,
698 1404 725 1455 et
742 1400 870 1455 carissima
887 1418 979 1465 secura,

193 1475 322 1531 abderent.
356 1476 441 1547 Igitur
450 1476 502 1530 dux
512 1478 644 1531 Romanus
656 1476 761 1531 diversis
773 1476 876 1541 artibus,
886 1476 1002 1533 miseri-8

192 1552 279 1609 cordia
289 1552 409 1607 adversus
425 1552 558 1624 supplices,
571 1553 702 1608 celeritate
713 1553 832 1609 adversus
850 1552 979 1623 profugos,

192 1630 297 1686 immitis
311 1630 343 1685 iis
362 1630 406 1701 qui
422 1629 531 1684 latebras
548 1630 700 1697 insederant,
713 1649 757 1685 ora
775 1634 802 1685 et
823 1630 905 1685 exitus
926 1648 980 1700 spe·

193 1726 272 1764 cuum
284 1707 417 1763 sarmentis
429 1706 596 1778 virgultisque
608 1707 745 1781 completos
758 1707 811 1780 igni
823 1707 914 1763 exunt.
932 1708 1003 1766 rat-4

135 1818 136 1825 .
193 1805 243 1856 que
261 1785 333 1840 illum
348 1786 411 1840 fines
423 1803 484 1839 suos
495 1784 702 1856 progredientem
715 1785 875 1842 incursavere
887 1785 978 1850 Mardi,

192 1863 329 1918 latrociniis
359 1861 464 1918 exerciti
487 1866 624 1934 contraque
647 1863 828 1934 irrumpentem
850 1862 979 1917 montibus

193 1940 304 2008 defensi3
322 1958 386 2011 quos
403 1939 514 1994 Corbulo
531 1939 650 1995 immissis
667 1940 748 1996 Iberis
765 1941 882 2006 vastavit,
900 1939 980 1994 hosti-

192 2017 294 2088 lemque
305 2016 435 2072 andaciam
446 2024 552 2071 externo
563 2017 685 2089 sanguine
696 2017 767 2072 ultus
779 2021 826 2072 est.
861 2017 921 2087 Ipse
937 2035 980 2070 ex·
987 2019 1023 2072 Ἡ

192 2097 339 2166 ercitusque
350 2095 465 2150 utnullis
483 2113 516 2150 ex
533 2096 619 2166 praelio
634 2095 740 2161 damnis,
752 2097 789 2150 ita
808 2113 854 2166 per
870 2095 980 2164 inopiam

193 2177 220 2228 et
231 2173 329 2227 labores
342 2172 501 2237 fatiscebant,
510 2190 584 2228 carne
594 2173 721 2242 pecudum
732 2173 877 2244 propulsare
888 2172 979 2226 famem

192 2249 285 2304 adacti.
319 2248 361 2302 ad
372 2248 420 2304 hoc
430 2249 536 2319 penuria
547 2267 626 2318 aqua,
636 2249 735 2303 fervida
750 2253 832 2312 aestas,
843 2248 1001 2320 longinquat

135 2374 136 2377 ,
192 2327 291 2390 itinera,
304 2325 358 2379 sola
369 2324 440 2380 ducis
451 2326 576 2396 patientia
589 2325 779 2396 mitigabantur,
795 2325 887 2390 eadem,
906 2325 979 2396 plura

135 2452 136 2459 ,
195 2421 270 2474 quam
291 2402 408 2474 gregario
430 2401 511 2457 milite
534 2401 662 2457 toleranti.
706 2403 817 2456 Ventum
841 2401 929 2457 dehinc
952 2403 1000 2464 ins

194 2480 264 2536 locos
274 2479 364 2544 cultos,
375 2479 545 2550 demersaque
554 2482 662 2550 segetes,
672 2481 698 2533 et
710 2497 741 2534 ex
751 2477 848 2534 duobus
861 2479 976 2546 castellis,

193 2560 222 2616 in
239 2575 294 2630 quae
311 2555 477 2626 confugerant
488 2555 609 2621 Armenii,
627 2555 734 2610 alterum
745 2555 842 2628 impetu
858 2560 976 2628 captum;

194 2636 239 2709 qni
250 2634 355 2706 primam
366 2632 418 2686 vim
430 2631 585 2702 depulerant,
595 2631 724 2688 obsidione
733 2637 866 2704 cogrmtur.
902 2633 1000 2688 Undel

135 2714 136 2717 ’
192 2716 221 2771 in
231 2710 359 2783 regionem
371 2709 564 2764 Tamannitinm
575 2713 749 2781 transgressus
760 2711 922 2782 improvisum
934 2728 977 2780 pe-

194 2790 300 2846 riculum
317 2786 416 2842 vitavit.
452 2786 520 2840 Nam
535 2786 603 2842 haud
619 2786 709 2859 procul
724 2789 834 2843 tentorio
852 2787 907 2857 ejus
925 2784 999 2842 norit

194 2865 310 2938 ignobil'm
321 2863 443 2919 barbarus
455 2881 513 2917 cum
523 2864 575 2918 telo
586 2867 702 2936 repertus
711 2865 823 2920 ordinem
832 2861 978 2918 insidiarum

195 2962 272 3017 seque
284 2944 410 2998 auctorem
423 2944 450 2996 ct
461 2940 542 2996 socios
553 2959 599 3013 per
609 2945 737 2997 tormenta
748 2939 842 3007 edidit3
861 2937 978 2994 consimi-
