2550 3500
281 302 328 347 alu
609 300 728 349 TACITI

853 362 888 409 [Α.
898 361 925 401 U.
934 362 955 399 0.
965 362 1010 409 sla,
1021 362 1069 402 818.

260 409 411 469 sedebatur.
446 410 517 482 Ilrgo
528 410 655 481 deportati
663 414 723 467 sunt
734 411 761 467 in
772 409 860 465 urbem
871 411 945 465 multi
955 429 970 465 e
980 412 1072 465 Nuce-

281 488 343 542 rinis
354 493 445 543 trunco
462 507 507 558 per
524 488 628 543 vulnera
638 507 750 559 corpore,
763 506 792 543 ao
804 487 915 558 plerique
927 487 1072 543 liberorum

282 577 327 618 aut
343 569 476 635 parentum
497 570 591 619 mortes
615 565 748 621 deflebant.
785 564 863 635 Cujus
884 564 922 619 rei
939 564 1071 635 judicium

260 641 403 711 4Prinoeps
426 641 532 706 senatui,
557 646 659 697 senatus
688 640 832 697 oonsulibus
858 642 980 711 permisit.
1030 642 1070 697 Et
1138 670 1139 675 =

282 736 370 773 rursus
387 738 415 773 re
430 718 462 772 ad
477 725 561 789 patres
578 718 801 790 relata'prohibiti
817 716 916 788 publice
933 718 960 773 in
977 718 1069 773 decem
1138 730 1139 733 ’

282 812 360 849 annos
372 794 495 865 ejusmodi
503 800 571 850 ooetu
578 796 733 867 Pompeiani,
744 794 897 866 collegiaque
909 799 1071 865 quocontra

282 871 351 942 leges
374 872 544 937 instituerant,
568 872 706 939 dissolute3
735 872 873 937 Livineius,
901 875 928 927 et
951 872 995 943 qni
1023 871 1070 927 alii

283 948 430 1003 seditionem
442 949 607 1014 conciverant,
619 949 694 1004 exilio
703 948 804 1003 multati
815 952 883 1003 sunt.

241 1024 277 1080 18
317 1026 406 1080 Motus
424 1030 514 1081 senatu
527 1029 554 1081 et
570 1026 663 1081 Pedius
679 1026 784 1094 Blaesus,
800 1024 975 1081 accusantibus
988 1025 1068 1097 Cyre

282 1102 401 1157 mensibus
419 1102 538 1157 violatum
556 1102 587 1158 ab
604 1121 635 1157 eo
652 1103 800 1157 thesamurn
816 1102 962 1173 AEsoulepii‚
985 1101 1067 1157 delec-

261 1182 387 1249 ttumqne
398 1179 532 1234 militarem
547 1180 629 1250 pretio
646 1183 672 1233 et
688 1178 823 1235 ambitione
840 1183 995 1249 corruptum.
1031 1178 1066 1234 Ii·

283 1255 340 1310 dem
364 1256 519 1327 Cyrenenses
542 1275 613 1311 reum
636 1255 744 1327 agebant
771 1256 881 1311 Acilium
907 1255 1064 1321 Strabonem,

282 1333 400 1403 praetoria
422 1336 549 1403 potestate
568 1351 643 1387 nsum
664 1336 690 1387 et
710 1332 815 1387 missum
835 1331 1029 1403 disceptatorem
1050 1350 1066 1386 a

284 1408 388 1464 Claudio
405 1428 530 1481 agrorum,
548 1426 619 1480 qnos,
636 1408 692 1479 regi
707 1407 801 1479 Apioni
824 1408 948 1479 qnondam
964 1408 1065 1463 habitos
1138 1458 1139 1463 ,

284 1491 311 1541 ot
321 1486 414 1558 populo
428 1488 542 1541 Romam
559 1504 617 1541 oum
632 1503 711 1557 regno
726 1485 835 1551 relictos,
850 1486 979 1556 proximus
997 1486 1065 1555 quis-

285 1583 334 1635 que
345 1583 474 1635 possessor
489 1564 640 1629 invaserant,
658 1561 804 1633 diutinaque
819 1562 921 1617 licentia
936 1566 963 1618 et
973 1562 1066 1633 injuria

262 1642 356 1711 squasi
365 1642 423 1712 jure
434 1646 461 1696 et
472 1659 544 1711 aquo
555 1640 708 1696 nitebantur.
744 1639 830 1711 Igitur
839 1639 988 1711 abjudicatis
997 1640 1064 1711 agris

284 1721 341 1772 orta
362 1718 481 1773 adversus
495 1716 605 1789 judicem
621 1716 732 1782 invidia;
749 1720 776 1772 et
793 1720 896 1777 senatus
912 1717 1001 1790 ignota
1017 1716 1065 1774 sibi

284 1813 340 1849 esse
351 1795 468 1850 mandata
477 1794 576 1850 Claudii
587 1802 614 1850 et
622 1793 803 1850 consulendum
815 1794 953 1866 prinoipem
964 1809 1064 1866 respou-

262 1871 329 1925 4dit.
365 1871 436 1926 Nero
447 1871 553 1942 probata
564 1871 695 1926 Strabonis
707 1871 840 1937 sententia,
854 1891 881 1927 se
893 1871 971 1926 nihilo
982 1872 1064 1928 minus

284 1948 416 2004 subuenire
427 1948 501 2004 sociis
512 1952 539 2003 et
549 1951 672 2018 usurpate
683 1947 817 2004 concedere
829 1949 937 2019 scripsit.

242 2033 277 2088 19
320 2026 465 2096 Sequuntur
475 2025 587 2080 virorum
595 2024 732 2080 illustrium
743 2029 845 2090 mortes,
855 2025 1064 2080 DomitiiAtriet

285 2104 323 2159 M.
336 2104 441 2169 Servilii,
455 2104 498 2174 qui
509 2104 614 2158 summis
629 2103 767 2159 honoribus
784 2107 810 2158 et
828 2104 909 2158 multa
924 2105 1065 2176 eloquentia

283 2180 1064 2329 patientissumumst

284 2341 358 2406 quam
374 2335 503 2391 clariorem
522 2335 613 2403 effecit,
629 2338 661 2392 nt
681 2353 727 2406 par
741 2335 850 2406 ingenio,
863 2335 900 2390 ita
918 2354 1015 2392 morum
1026 2335 1062 2390 di·

282 2429 379 2467 versus.

238 2490 278 2544 20
319 2489 422 2544 Nerone
439 2491 565 2559 quartum,
586 2487 702 2544 Cornelio
723 2487 802 2543 Cosso
823 2488 974 2554 oonsulibus,
994 2489 1063 2559 qnin-

214 2565 405 2664 agilrkcquennale
427 2565 552 2621 ludicrum
574 2566 663 2622 Rome
685 2565 833 2620 institutum
856 2570 895 2620 est
915 2565 948 2620 ad
970 2585 1062 2622 morem
1138 2555 1139 2604 l

224 2653 269 2712 „j
284 2643 365 2698 Graeoi
388 2644 538 2711 certaminis,
555 2644 625 2698 vmia
641 2643 715 2708 lama,
734 2646 764 2698 ut
784 2647 877 2698 cunots
893 2643 971 2699 terme
991 2661 1060 2698 nova

230 2724 262 2764 ⁶⁰·
284 2721 385 2792 Quippe
402 2724 474 2776 erant
490 2720 535 2790 qui
552 2720 599 2774 On
612 2737 712 2791 quoque
727 2719 876 2790 Pompeium
891 2721 1030 2776 incusatum
1047 2738 1063 2775 a

262 2779 421 2853 2senioribus
433 2797 535 2862 terrent,
549 2796 616 2866 quod
624 2814 767 2852 mansuram
775 2798 868 2852 theatri
877 2797 961 2852 sedem
970 2797 1062 2868 posuis·

262 2879 332 2932 sset.
368 2875 436 2929 Nam
447 2877 521 2928 antea
532 2873 660 2933 subitariis
672 2873 791 2944 gradibus
803 2881 830 2930 et
842 2893 916 2930 soona
926 2875 953 2930 in
964 2879 1061 2946 tempus
1138 2865 1139 2936 l
