2550 3500
386 360 581 409 ANNALIUM
599 360 645 409 1v.
663 361 765 407 32-35.
926 362 972 409 153

185 425 213 464 A.
222 423 247 463 D.
256 422 288 470 24,
298 422 340 471 at]

187 472 276 527 clabile
296 490 348 536 reo,
366 474 394 526 et
418 470 503 529 Caesar
525 472 594 527 truci
616 471 693 527 voltu
715 470 886 525 defensionem
910 471 973 526 aoei-

183 551 272 623 piens;
292 567 369 619 quam
390 548 544 614 Cremutius,
563 547 734 619 relinquendae
751 548 810 602 vitae
831 552 924 613 cestus,
945 547 974 603 in

182 626 253 681 hunc
270 624 373 679 modum
390 644 495 683 exorsus
514 630 553 680 est
564 632 624 679 :··“
632 624 719 680 Verba
729 642 792 692 mea,
803 624 894 679 Patres
907 624 998 683 Con-3

182 703 282 773 scripti,
296 706 457 773 argumrtur3
476 702 538 761 adeo
550 702 676 757 factorum
688 702 809 757 innocens
821 721 886 757 sum.
923 700 974 756 Sed

180 799 266 851 neque
284 779 338 833 hae
353 779 381 833 in
397 779 535 851 prinoipem
550 784 596 833 aut
614 779 736 850 principis
753 782 891 849 parentem,
909 796 973 850 quos

180 858 224 912 lex
235 856 379 927 majestatis
392 856 570 929 amplectitur:
590 856 702 911 Brutum
712 859 741 910 et
758 855 875 911 Cassium
888 854 974 910 lauda·

181 934 251 989 visse
263 933 341 997 dicor,
355 950 463 1003 quorum
475 951 516 989 res
534 937 619 1005 gestes
636 952 696 990 cum
710 932 813 1005 plurimi
828 950 973 1004 composue-

180 1010 241 1078 rint,
254 1028 329 1065 nemo
341 1010 396 1065 sine
409 1010 504 1065 honore
519 1010 677 1065 memoravit.
713 1009 787 1064 'litus
805 1009 903 1074 Livius,
922 1009 998 1065 elo-4

181 1087 294 1157 quentiae
313 1104 343 1141 ac
361 1086 421 1141 fidei
440 1086 576 1157 praeclarus
595 1086 623 1141 in
642 1086 739 1158 primis,
764 1087 811 1141 Gn
823 1086 973 1159 Pompeium

180 1164 262 1219 tantis
286 1162 405 1219 laudibus
425 1164 486 1219 tulit
507 1167 537 1218 ut
557 1164 741 1235 Pompeianum
759 1182 818 1218 eum
838 1165 973 1235 Augustus

180 1241 332 1312 appellaret;
344 1258 426 1311 neque
438 1240 464 1295 id
476 1240 593 1297 amicitiae
602 1259 690 1295 corum
698 1240 790 1296 offecit.
820 1240 971 1311 Scipionem,
981 1252 996 1299 6

178 1318 324 1382 Afranium,
347 1317 414 1373 huno
432 1318 516 1389 ipsum
538 1318 662 1383 Cassium,
682 1318 751 1372 huno
771 1318 889 1383 Brutum,
913 1337 973 1373 nus·

178 1414 257 1466 quam
276 1395 388 1449 latrones
404 1399 431 1451 et
450 1394 595 1465 parricidas,
616 1400 684 1466 (qua
704 1412 772 1450 nuno
789 1394 911 1451 voeabula
927 1395 972 1449 im·

179 1476 334 1545 ponuntur,)
359 1491 426 1543 saepe
449 1476 479 1527 ut
503 1472 622 1541 insignes
642 1473 710 1527 viros
732 1472 854 1526 nominat.
889 1472 996 1528 Asiniid

176 1546 304 1605 Pollionis
324 1550 421 1621 scripta
439 1550 567 1621 egregiam
591 1549 729 1604 eorundem
752 1548 899 1603 memoriam
921 1553 972 1603 tra·

177 1626 265 1693 dunt;
283 1626 405 1681 Messalla
425 1626 550 1681 corvinus
566 1626 745 1699 imperatorem
761 1644 836 1681 suum
855 1626 972 1683 cassium

176 1703 349 1776 predicabat:
386 1706 412 1760 et
435 1708 544 1776 uterque
567 1703 709 1776 opibusque
732 1707 809 1776 atque
833 1702 971 1759 honoribus

176 1782 338 1854 perviguere.
374 1781 459 1836 Marci
471 1781 601 1837 Ciceronis
615 1781 688 1847 libro,
705 1800 755 1852 quo
772 1781 896 1836 Catonem
910 1782 995 1839 calo?

177 1859 297 1932 aequavit,
323 1858 385 1930 quid
408 1859 477 1914 aliud
505 1858 614 1914 dictator
639 1860 725 1914 Oaesar
748 1878 824 1930 quam
847 1859 971 1930 rescripta

176 1937 301 2002 oratione,
318 1936 390 1992 velut
408 1935 476 2008 apud
492 1935 600 2008 judices,
618 1936 771 2008 respondit?
796 1937 903 1992 Antonii
921 1937 994 2008 api-8

175 2015 259 2080 stolae,
268 2015 346 2068 Bruti
356 2014 489 2068 conciones
499 2013 562 2068 falsa
571 2013 673 2086 quidem
681 2014 709 2068 in
716 2015 864 2086 Augustum
871 2007 971 2085 probra,

175 2093 222 2148 sed
235 2091 318 2146 multa
329 2111 388 2151 cum
400 2091 547 2159 acerbitate,
559 2091 670 2158 hubent;
690 2092 801 2146 carmina
816 2091 934 2146 Bibaculi
945 2095 972 2146 et

175 2169 274 2224 Catulli
286 2169 381 2223 referta
393 2169 552 2224 contumeliis
565 2169 695 2225 Oaesarum
706 2169 842 2240 leguntur:
860 2167 906 2224 sed
917 2168 972 2240 ipsc

174 2247 251 2302 divus
274 2245 370 2310 Julius,
391 2245 445 2316 ipse
466 2245 540 2301 divus
559 2247 703 2316 Augnastus,
724 2250 751 2300 et
771 2245 854 2300 tulere
873 2245 924 2299 ista
944 2248 971 2300 et

172 2325 311 2396 reliquere,
327 2321 396 2378 haud
416 2323 491 2378 facile
511 2323 625 2386 dixerim,
644 2321 817 2377 moderatione
836 2322 917 2393 magis
938 2341 972 2378 an

173 2401 311 2472 sapientia
356 2399 476 2472 Namque
500 2403 586 2472 spreta
610 2399 776 2454 exolescunt:
807 2398 830 2455 si
853 2399 969 2466 1111111111,

174 2479 264 2549 agnita
285 2475 413 2532 ridentur.
450 2477 512 2534 Non
532 2477 631 2548 attingo
656 2477 767 2540 Grecos,
787 2495 895 2548 quorum
918 2477 1014 2532 non85

172 2555 250 2610 modo
269 2553 383 2620 libertas,
401 2553 478 2608 etiam
493 2553 571 2609 libido
590 2553 735 2624 impunita;
752 2558 798 2607 aut
815 2553 838 2609 si
855 2553 912 2624 quis
928 2553 970 2610 ad·

173 2633 261 2701 vertit,
275 2630 352 2686 dietis
365 2629 434 2685 diota
449 2631 519 2686 ultus
535 2635 582 2686 est.
620 2629 671 2684 Sed
688 2629 797 2685 maxime
815 2630 927 2685 solutum
943 2634 993 2687 eta

174 2710 229 2764 sine
241 2709 417 2764 obtrectatore
428 2707 486 2774 fuit,
495 2707 601 2778 prodere
614 2706 645 2761 de
657 2707 689 2762 iis
701 2725 764 2778 quos
777 2725 845 2762 mors
857 2706 914 2762 odio
924 2712 969 2761 aut

174 2787 265 2856 gratim
277 2785 423 2840 exemisset.
460 2785 532 2850 Num
544 2803 602 2840 cum
617 2784 720 2838 armatis
733 2784 822 2839 Cassio
838 2787 865 2838 et
876 2783 992 2848 Brutos

176 2881 204 2918 ac
217 2863 397 2934 Philippenses
410 2879 512 2931 campos
524 2862 707 2927 obtinentibus,
719 2861 779 2916 belli
791 2861 872 2916 civilis
884 2877 968 2924 causa,

175 2942 297 3014 populum
319 2961 367 3013 per
381 2940 515 2998 conciones
536 2939 662 2997 dicendo?
681 2959 715 2995 an
734 2940 772 2994 illi
788 2938 898 3009 quidam,
913 2954 969 3008 sep
