2550 3500
270 334 319 388 872
344 368 348 381 .
600 336 720 385 TACITI

901 400 936 449 [A.
944 400 971 440 u.
979 401 1000 440 c
1010 400 1055 441 ιιι

270 446 318 501 dus
336 446 490 513 succederet,
503 447 571 519 quia,
582 452 613 503 ut
625 449 750 503 Nerot
715 467 738 504 er
731 448 853 515 t'tbara,
832 468 842 504 1
854 466 869 503 a
879 400 941 505 Piso
958 452 1057 523 tragico

270 528 344 579 ornat
345 544 364 579 ιι
333 524 488 579 ttcaneba

225 592 262 646 66
305 602 425 657 Ceterum
437 603 552 657 militaris
566 622 667 675 quoque
680 604 833 675 conspiratio
847 622 898 659 non
909 604 977 660 ultra
987 605 1056 660 fefel-

269 679 308 744 lit,
327 680 438 735 accensis
456 680 581 736 iudicibus
597 680 630 736 ad
647 681 803 752 prodendum
818 681 932 737 Faenium
950 682 1055 748 Rufum,

270 774 346 826 quem
357 757 464 812 eundem
475 758 604 812 conscium
615 762 643 813 et
654 758 828 829 inquisitorem
843 776 896 813 non
906 758 1056 814 tolerabant.

245 833 339 905 ²Ergo
351 834 458 889 instanti
469 833 646 905 minitantique
657 834 774 890 renidens
787 835 923 901 Scaevinus,
932 836 1058 890 neminem

270 910 306 965 ait
317 910 390 981 plura
401 911 465 966 scire
477 929 552 981 quam
568 911 660 983 ipsum,
673 912 840 983 hortaturque
851 911 927 977 ultro,
940 911 1057 967 redderet

245 991 323 1041 etam
332 988 399 1043 bono
408 988 515 1059 principi
523 989 612 1044 vicem.
648 988 710 1044 Non
718 1007 768 1045 vox
780 988 913 1043 adversum
921 1007 951 1044 ea
962 988 1056 1055 Faeuio,

268 1082 321 1118 nou
340 1064 477 1129 silentium,
502 1064 548 1121 sed
568 1065 645 1121 verba
664 1083 712 1121 sua
729 1065 885 1137 praepediens
909 1070 936 1121 et
956 1066 1057 1136 pavoris

268 1141 425 1207 manifestus,
447 1143 597 1215 ceterisque,
621 1160 651 1197 ao
674 1142 782 1197 maxime
806 1143 925 1199 Cervario
948 1143 1057 1198 Proculo

269 1219 355 1289 equite
373 1219 496 1286 Romano,
510 1220 543 1275 ad
558 1219 757 1277 convincendum
773 1238 831 1275 eum
850 1220 966 1286 conuisis,
982 1220 1058 1291 jussu

268 1296 426 1369 imperatoris
448 1316 466 1353 ιι
486 1297 575 1353 Cassio
598 1298 686 1363 milite,
696 1298 755 1429 tqui
773 1297 832 1353 ob
824 1298 924 1371 insigne
944 1298 1057 1369 corporis

221 1367 259 1427 67
268 1374 346 1429 robur
363 1375 470 1440 astabat,
483 1375 618 1446 corripitur
635 1374 803 1447 vinciturque.
839 1376 904 1430 Mox
920 1375 1057 1431 eorumdem

268 1452 361 1508 iudicio
386 1453 493 1508 Subrius
516 1453 609 1508 Flavus
636 1452 756 1507 tribunus
783 1453 945 1523 pervertitur,
973 1454 1056 1523 primo

268 1529 498 1586 dissimilitudinem
509 1549 608 1585 morum
620 1529 653 1584 sd
664 1529 834 1585 defensionem
849 1530 960 1595 trahens,
973 1548 1057 1601 neque

268 1626 296 1663 se
320 1612 445 1662 armatum
474 1626 533 1662 cum
560 1606 699 1663 inermibus
729 1611 755 1663 et
779 1607 927 1663 effeminatis
954 1610 1057 1662 tantum

267 1684 365 1739 facinus
383 1684 599 1752 consociaturum
618 1683 677 1739 dein
688 1688 821 1756 postquam
839 1684 985 1757 urgebatur,
998 1703 1056 1739 con-

245 1762 384 1817 ²iessionis
396 1763 504 1833 gloriam
516 1762 654 1832 amplexus.
690 1762 941 1834 Interrogatusquea
952 1762 1056 1818 Nerone

268 1839 360 1911 qmbus
383 1840 466 1894 causis
486 1839 519 1894 ad
536 1839 687 1895 oblivionem
709 1841 860 1896 sacramenti
882 1840 1055 1910 processisset,

268 1915 406 1971 “Oderam
433 1917 486 1981 te,”
507 1915 598 1988 iuquit,
624 1922 696 1972 “nec
726 1918 857 1988 quisquam
884 1917 932 1972 tibi
959 1916 1058 1972 fidelior

243 1993 374 2049 emilitum
391 1992 449 2058 fuit,
429 1991 527 2048 tdum
541 1992 619 2048 amari
632 1993 756 2068 meruisti.
792 1994 883 2050 Odisse
899 1993 970 2065 coepi,
987 1997 1058 2064 post-

268 2089 343 2142 quam
372 2069 497 2142 parricida
523 2070 611 2124 matris
635 2073 662 2125 et
685 2071 779 2138 uxoris,
804 2071 942 2143 aurigaet
930 2070 1058 2125 thistrio

242 2148 295 2203 ιιι
317 2147 485 2204 incendiarius
509 2146 645 2202 extitisti?
692 2147 754 2218 Ipsa
776 2149 865 2204 rettuli
888 2147 972 2212 verbe,
997 2147 1059 2218 qnia

267 2243 326 2290 uon,
344 2229 375 2280 ut
393 2225 502 2289 Senecae,
517 2223 622 2295 vulgata
638 2227 727 2280 erant·
720 2267 728 2291 ‚
752 2243 799 2280 nec
819 2225 903 2280 minus
923 2223 995 2279 nosci
1013 2223 1060 2278 de-

242 2302 340 2359 ecebat
351 2301 467 2357 militaris
479 2302 527 2356 viri
539 2319 628 2356 seusus
646 2301 788 2372 incomptos
805 2305 832 2356 et
843 2301 948 2356 validos.
983 2300 1060 2355 Nihil

266 2379 294 2434 in
310 2378 354 2433 iiia
370 2378 545 2450 conjuratione
565 2377 668 2450 gravium
685 2377 789 2433 auribus
806 2378 918 2434 Neronis
935 2377 1060 2432 accidisse

266 2454 390 2520 constitit,
404 2455 449 2526 qui
464 2458 495 2510 ut
511 2454 632 2510 faciendis
651 2455 787 2510 sceleribus
806 2458 946 2526 promptus,
959 2455 997 2509 ita
1015 2473 1061 2509 au·

266 2531 352 2586 diendi
367 2549 424 2602 quae
439 2531 534 2586 iaceret
545 2531 656 2586 insoleus
671 2534 734 2586 erat.
769 2531 849 2586 Poena
865 2531 938 2586 Flaui
948 2531 1061 2588 Veianio

242 2609 350 2680 6Nigro
362 2607 465 2663 tribuno
476 2607 618 2663 mandatur.
654 2607 683 2663 Is
695 2607 809 2680 proximo
825 2609 852 2663 in
869 2626 931 2680 agro
943 2608 1062 2664 scrobem

266 2685 343 2740 effodi
355 2685 440 2757 jussit,
453 2702 529 2755 quam
539 2685 633 2740 Flavus
648 2689 679 2740 nt
693 2685 813 2740 humilem
830 2689 857 2740 et
873 2689 1008 2757 angustam
1020 2685 1062 2740 iu-

267 2779 380 2833 crepaus,
393 2761 614 2817 circumstantibus
632 2761 762 2828 militibus,
777 2768 794 2792 “
802 2763 844 2818 Ne
860 2763 908 2818 hoe
928 2762 1060 2834 quidem,”

242 2837 358 2910 tinquit,
372 2843 389 2869 ‘¹
398 2857 431 2894 ex
442 2837 598 2909 discipliua”
626 2837 831 2911 Admonitaeque
843 2839 944 2895 fortiter
953 2843 1061 2910 proten·
