2550 3500
307 359 356 406 ³⁰⁰
640 360 759 409 Tscrrl

934 421 969 470 [e.
979 422 1006 461 o.
1016 422 1039 461 c.
1049 422 1092 462 srr.

307 470 393 524 rerent
404 470 531 540 placitum,
544 473 575 525 ut
587 470 719 526 arbitrium
736 490 813 543 penes
824 472 953 526 Romanos
969 478 1093 537 maneret,

308 546 369 617 quid
381 546 469 603 derent
481 547 542 618 quid
553 547 699 614 adimerent,
708 567 790 619 neque
802 549 862 603 elios
869 548 967 619 judiees
976 567 1054 619 quem
1066 568 1095 603 se

285 625 376 695 eipsos
393 628 547 694 peterentur.
591 625 656 679 Hsec
674 626 701 679 in
721 626 846 697 publicum
864 626 1031 695 Ampsivariis
1054 645 1096 680 re·

309 700 417 771 spondit,
430 701 478 771 ipsi
495 701 612 757 Boiocalo
630 702 663 757 ob
680 703 824 757 memoriam
841 703 956 757 amicitie
972 702 1094 757 daturum

285 790 390 847 aegros.
435 778 512 836 Quod
534 778 576 833 ille
598 786 629 833 ut
646 779 795 849 proditionis
814 780 922 851 pretium
934 786 1095 850 espemetus,

308 853 404 908 addidit
417 858 434 883 “
446 854 532 909 deesse
543 855 615 910 nobis
627 860 703 921 terre,
715 856 760 911 ubi
771 856 900 922 vivemus3
918 856 946 911 in
957 874 1007 926 que
1018 857 1097 911 mori·

284 935 387 996 demur,
400 949 451 985 non
462 932 572 1003 potest.’'
608 934 694 1003 Atque
705 933 742 987 ite
754 934 858 987 infensis
869 933 988 1003 utrinque
1002 934 1096 988 enirnis

307 1007 453 1063 discessum.
488 1009 531 1064 Illi
546 1009 691 1078 Bructeros,
706 1011 851 1076 Tencteros,
867 1011 999 1065 ulteriores
1016 1012 1096 1065 etiarn
1137 1039 1138 1066 r

284 1085 422 1140 bustiones
434 1086 514 1141 socies
525 1086 592 1141 bello
604 1086 735 1141 vocabant.
771 1087 865 1141 Avitus
878 1088 973 1158 scripto
985 1087 1017 1141 ud
1030 1088 1096 1142 Gur·

307 1161 390 1215 tilium
406 1162 533 1217 Manciam
549 1163 686 1235 superioris
701 1165 827 1219 exereitus
844 1164 964 1235 legatum,
976 1169 1007 1218 ut
1016 1165 1096 1219 Bhe-

307 1255 368 1293 num
379 1242 553 1310 transgressus
564 1258 633 1294 erma
642 1244 739 1311 etergo
749 1240 901 1307 ostenderet,
914 1242 968 1311 ipse
979 1241 1095 1313 legiones

306 1313 335 1369 in
351 1333 440 1388 egsum
457 1317 609 1371 Tencterum
632 1317 740 1382 mduxit,
765 1318 890 1373 excidium
913 1318 1042 1384 minitans,
1069 1320 1095 1374 ni

284 1403 408 1451 deessem
431 1412 502 1448 suem
525 1393 697 1449 dissociarent.
733 1396 819 1466 Igitur
838 1395 1020 1450 absistentibus
1044 1397 1093 1461 his,

306 1470 361 1540 peri
373 1473 443 1525 metu
455 1472 570 1526 exterriti
580 1472 706 1527 Bructeri
741 1473 776 1527 Et
789 1473 879 1528 ceteris
895 1491 997 1544 quoque
1012 1473 1094 1528 eliens

306 1547 417 1617 periculi
429 1546 628 1614 defendentibus,
643 1549 696 1604 sole
711 1550 925 1620 Ampsivariorum
941 1568 1005 1621 gens
1024 1557 1094 1605 retro

284 1622 340 1681 led
351 1624 455 1695 Usipios
471 1628 497 1679 et
515 1624 644 1679 Tubantes
662 1627 793 1682 concessit.
830 1628 943 1693 Quorum
957 1628 1033 1682 terris
1051 1647 1095 1682 ex-

307 1700 358 1756 ecti
381 1718 439 1756 eum
462 1700 577 1768 Chattos,
602 1702 661 1758 dein
684 1704 825 1760 Cheruscos
849 1705 982 1776 petissent,
1008 1722 1094 1760 errore

306 1776 390 1850 longo,
403 1778 523 1848 hospites,
535 1779 615 1847 egeni,
628 1781 722 1847 hostes,
731 1781 759 1836 in
771 1781 859 1847 alieno,
872 1781 940 1852 quod
948 1782 1093 1853 juventutis

307 1861 368 1920 eret,
382 1853 530 1920 cedentum
547 1855 654 1911 imbellis
666 1861 728 1912 aetes
739 1858 767 1912 in
777 1858 886 1929 predam
898 1859 979 1913 divise
990 1864 1039 1914 est.

260 1935 297 1990 57
341 1931 436 1986 Bedem
448 1931 614 1987 aesteteinter
627 1933 821 1989 Hermunduros
838 1935 996 2005 Chattosque
1013 1941 1094 2007 certa·
1138 1972 1139 1985 r

306 2011 362 2063 tum
374 2027 465 2080 magno
476 2009 570 2080 praelio,
581 2009 641 2064 dum
653 2011 747 2066 flumen
758 2011 885 2084 gignendo
896 2012 947 2067 sele
957 2013 1093 2070 fecundum

306 2091 333 2142 et
357 2087 539 2142 conterminum
562 2087 588 2141 vi
611 2088 733 2155 trahunt3
751 2108 828 2160 super
850 2089 978 2145 libidinem
1001 2097 1094 2146 cuncto

306 2163 381 2218 ermis
394 2163 484 2235 egendi
495 2163 616 2236 religione
628 2164 711 2227 insite,
725 2183 768 2220 eos
780 2167 889 2221 maxime
904 2166 973 2222 locos
991 2170 1093 2239 propin·

307 2259 384 2312 quere
396 2241 463 2306 coelo,
473 2260 610 2312 precesque
618 2243 762 2297 mortalium
771 2261 787 2298 e
796 2243 850 2298 deis
858 2263 982 2316 nusquam
989 2247 1092 2317 propius

282 2333 298 2380 2
308 2317 396 2373 eodiri.
432 2318 496 2374 Inde
507 2318 665 2390 indulgentie
672 2319 805 2375 numinum
815 2320 859 2375 illo
870 2322 898 2375 in
909 2339 982 2376 smne
993 2323 1093 2394 illisque

307 2394 376 2449 silvis
388 2394 465 2450 selem
477 2396 616 2466 provenire,
636 2414 688 2450 nou
701 2401 731 2451 ut
747 2397 808 2452 elius
824 2398 891 2468 epud
904 2403 994 2469 gentes
1011 2400 1092 2455 eluvie

307 2470 382 2526 meris
406 2479 535 2527 arescente
559 2472 633 2538 unda,
659 2473 705 2527 sed
727 2492 804 2544 super
827 2475 957 2530 ardentem
975 2476 1092 2531 orborum

307 2553 403 2602 struem
414 2547 478 2612 fuse,
491 2566 524 2603 ex
535 2550 667 2604 contrariis
678 2550 746 2604 inter
757 2569 785 2605 se
796 2551 934 2619 elementis,
945 2551 1005 2624 igne
1016 2559 1091 2625 etque

283 2623 386 2693 saquis,
406 2627 558 2680 concretum.
596 2625 647 2680 Sed
666 2625 761 2682 bellum
781 2628 969 2684 Hermunduris
991 2648 1092 2702 prospe·

308 2718 371 2764 rum,
382 2699 482 2754 chattis
491 2701 621 2757 exitiosius
628 2702 687 2771 init,
694 2704 753 2774 quie
761 2706 870 2760 victores
880 2705 1004 2761 diversam
1013 2709 1090 2762 eciem

307 2775 387 2832 Marti
399 2793 428 2830 sc
440 2776 568 2831 Mercurio
580 2797 717 2845 secrevere,
728 2800 778 2852 quo
789 2787 849 2838 roto
861 2783 927 2853 equi,
938 2783 992 2848 riri,
1001 2790 1091 2839 cuncte

281 2852 375 2912 evicto
392 2851 514 2908 occidioni
535 2852 634 2910 dentur,
669 2856 705 2910 Bt
725 2858 800 2914 mines
820 2859 921 2930 quidem
941 2860 1045 2916 hostiles
1064 2863 1091 2915 iu

307 2929 375 3001 ipsos
386 2929 533 2986 vertebant:
552 2930 597 2987 sed
608 2931 699 2988 cirites
710 2933 836 2991 Ubiorum
852 2937 920 2993 socie
936 2937 1009 2995 nobis
1025 2939 1090 2994 ndo
