2550 3500
197 437 216 473 A
233 435 251 473 D
268 434 310 483 24]
396 372 591 421 ANNALlUld
612 375 656 421 IV.
674 374 776 421 29-32.
939 376 984 420 151

198 484 265 539 brusi
277 485 304 537 in
316 501 343 537 sc
356 483 472 537 carminis
489 486 639 550 convictum,
654 485 739 539 cesar
755 483 872 555 precibus
888 483 983 547 fratris,

196 562 241 631 qui
259 564 439 626 senatorem,
459 563 591 619 concessit.
626 565 686 623 Quo
704 563 784 633 magis
801 561 893 615 mirum
911 559 1010 614 habe-2

196 638 273 695 batur
291 656 399 709 gnarum
416 638 556 705 meliorum,
572 644 669 712 atquae
686 640 754 694 fama
771 638 929 694 clementiam
947 656 986 691 se·

197 720 326 787 queretur,
345 714 460 769 tristiora
483 717 564 773 malle.
600 719 693 789 Neque
711 717 778 771 enim
797 714 912 770 socordia
929 718 1009 785 poet

197 793 287 859 cabat;
315 810 363 847 nec
380 792 508 847 occultum
524 798 564 849 est
582 795 682 867 quando
702 813 734 849 ex
752 794 867 860 veritate,
885 791 986 863 quando

197 869 348 924 adumbrata
379 869 474 934 laetitia,
506 870 574 927 iacta
602 872 783 943 imperatorum
818 869 984 925 celebrentur.

198 948 266 1013 Quin
284 946 347 1018 ipse,
362 946 515 1017 compositus
534 948 595 1003 alias
614 953 641 1003 ct
658 948 728 1003 velut
749 947 915 1002 eluctantium
932 947 1011 1000 ver-4

197 1022 295 1088 borum,
321 1022 430 1078 solutius
453 1025 645 1097 promptiusque
670 1024 843 1096 eloquebatur,
869 1024 986 1095 quotiens

199 1100 353 1155 subveniret.
390 1101 426 1154 At
438 1101 467 1156 P.
482 1102 605 1169 Suillium,
620 1107 769 1173 quaestorem
787 1100 914 1173 quondam
926 1102 1011 1157 Ger-6

198 1178 297 1241 manici,
309 1195 367 1231 cum
379 1176 454 1232 Italia
463 1183 591 1233 arceretur
603 1180 733 1234 conuictus
746 1178 875 1249 pecuniam
888 1178 921 1233 ob
933 1196 988 1233 rem

196 1253 360 1326 judicandam
380 1254 482 1325 cepisse,
505 1256 672 1311 amovendum
695 1256 723 1310 in
744 1255 853 1310 insulam
876 1256 983 1320 censuit,

198 1336 272 1387 tanta
283 1330 445 1386 contentione
459 1331 536 1386 animi
551 1336 581 1387 ut
594 1338 619 1388 et
630 1332 739 1405 jurando
751 1332 920 1404 obstringeret
933 1351 947 1386 e
959 1350 988 1386 re

198 1408 301 1480 publica
318 1407 346 1463 id
366 1426 428 1463 esse.
466 1409 544 1467 Quod
562 1429 650 1481 aspere
667 1413 798 1480 acceptum
818 1409 850 1463 ad
868 1411 1011 1479 praesens,6

199 1504 259 1540 mox
282 1486 310 1539 in
332 1484 432 1539 landem
455 1486 533 1541 vertit
555 1506 672 1559 regresso
696 1486 799 1552 Suilli03
826 1504 901 1557 quem
923 1485 988 1541 vidit

200 1582 310 1633 sequens
323 1567 384 1617 aetas
396 1567 586 1633 prepotentem,
599 1564 721 1628 venalem,
739 1568 766 1618 et
783 1563 882 1618 Claudii
898 1564 988 1633 princi·

199 1640 239 1711 pis
258 1639 369 1694 amicitia
385 1638 429 1694 diu
446 1658 572 1711 prospere,
588 1660 718 1713 nunquam
735 1640 806 1709 bene,
822 1659 905 1695 usum.
940 1640 1012 1695 Ea?

201 1716 258 1774 dem
282 1736 356 1789 poena
379 1716 407 1772 in
430 1717 522 1773 (latum
546 1718 668 1774 liranum
692 1722 834 1774 conatorem
857 1717 987 1785 statuitur,

200 1799 322 1867 tanquam
334 1795 404 1850 falsis
413 1795 553 1867 majestatis
565 1797 711 1852 crirninibus
724 1815 835 1852 sororem
847 1797 987 1868 petivisset.

202 1872 292 1939 Catus,
311 1876 342 1926 ut
359 1872 455 1937 rettuli,
476 1873 511 1935 (ii.
530 1876 583 1943 27.)
601 1874 725 1930 Libonem
748 1874 863 1930 illexerat
881 1875 987 1940 insidiis,

201 1949 294 2006 deinde
306 1948 399 2004 indicio
411 1949 560 2021 perculerat.
587 1950 652 2022 Ejus
664 1970 747 2022 operae
758 1970 853 2007 memor
864 1952 987 2017 liberius,
997 1958 1013 2005 8

201 2027 248 2082 sed
265 2026 314 2081 alia
330 2026 497 2098 praetendens,
514 2027 617 2082 exibam
634 2029 784 2099 deprecatus
802 2034 856 2085 est:
875 2048 926 2101 quo
942 2029 990 2084 mi-

200 2124 251 2160 nus
264 2109 355 2159 senatu
364 2104 508 2175 pelleretur,
521 2123 573 2160 non
584 2106 693 2161 obstitit.

236 2182 362 2252 Pleraque
380 2199 467 2236 eorum
485 2201 541 2253 quae
556 2183 646 2238 rettuli
663 2202 769 2256 quaequc
784 2183 899 2249 referam,
912 2181 1036 2254 parva32

200 2260 311 2316 forsitan
322 2262 348 2314 et
359 2258 425 2313 levia
436 2263 576 2314 memoratu
587 2261 668 2315 videri
679 2280 731 2315 non
741 2262 842 2316 nescius
854 2280 926 2316 sum:
945 2261 990 2316 sed

200 2355 276 2392 nemo
287 2335 396 2392 Annales
409 2340 509 2391 nostros
519 2355 577 2392 cum
589 2338 715 2408 scriptura
724 2356 811 2393 eorum
823 2338 988 2406 contenderit,

201 2415 246 2485 qui
260 2417 360 2468 veteres
376 2413 461 2485 populi
481 2414 590 2469 Romani
607 2433 649 2469 res
666 2434 836 2486 composuere.
872 2417 1014 2489 Ingentia2

200 2492 238 2547 illi
254 2491 328 2556 bella,
342 2491 541 2563 expugnationes
556 2491 667 2559 urbium,
679 2492 749 2547 fusos
761 2498 898 2566 captosque
910 2514 990 2568 reges,

201 2574 246 2626 aut
263 2568 400 2640 siquando
416 2568 448 2623 ad
463 2569 563 2624 interna
580 2574 767 2640 praeverterent,
781 2571 918 2628 discordias
934 2592 991 2629 oon-

200 2647 287 2702 snlum
314 2645 448 2700 adversum
471 2645 596 2712 tribunos,
625 2648 736 2718 agrarias
762 2649 991 2721 frumentariasque

200 2724 279 2796 loges,
298 2723 379 2794 plebis
397 2729 424 2778 et
443 2723 604 2793 optimatium
624 2725 768 2791 certamina,
790 2726 868 2781 libero
887 2746 992 2799 egressu

200 2799 384 2856 memorabant.
421 2799 504 2856 Nobis
521 2801 549 2855 in
567 2805 637 2856 arcto
659 2806 685 2856 et
694 2803 817 2874 inglorius
835 2804 921 2858 labor:
946 2805 1016 2857 ima

201 2889 272 2932 mota
285 2877 379 2949 quippe
391 2881 436 2930 aut
448 2877 544 2933 modice
556 2878 674 2934 lacessita
684 2898 742 2950 pax,
753 2884 846 2935 maestae
858 2879 929 2934 urbis
941 2898 990 2944 res,

202 2962 228 3012 et
246 2955 366 3028 princeps
384 2955 529 3026 proferendi
546 2955 647 3028 imperii
668 2957 810 3012 incuriosus
831 2960 893 3010 erat.
930 2955 1017 3009 Nona
