2550 3500
195 462 214 500 Δ
233 462 252 501 D
268 461 298 501 a
389 398 585 448 ANNALIUM
602 398 659 446 XV.
676 398 778 447 88-4'2.
935 396 984 447 att

194 462 310 566 claudibusl
328 511 525 567 assimulantem.
562 511 641 567 Sexto
659 508 761 565 demum
779 506 819 563 die
836 505 904 579 apud
920 507 1033 575 imas40

139 654 143 662 ,
194 587 321 660 Esquilias
332 590 391 644 finis
402 588 519 644 incendio
536 588 629 654 factus,
641 586 754 659 prorutis
770 604 817 657 per
833 586 985 641 immensum

194 664 313 731 edificiis,
325 670 356 720 ut
368 666 494 721 continuae
505 665 632 721 violentiae
644 683 748 737 campus
760 669 787 719 et
798 662 985 719 vclutvacuum

194 742 283 798 calum
294 745 446 797 occurreret.
481 742 600 798 Necdum
612 742 696 813 posito
708 744 780 797 metu
790 739 889 795 redibat
900 740 1009 799 lerius2

194 837 296 874 rursum
314 822 444 891 grassatus
461 819 536 891 ignis,
549 819 643 892 patulis
661 818 742 890 magis
756 817 827 873 urbis
846 817 923 884 locis;
942 824 998 873 eo?

194 914 244 967 quc
262 903 360 967 strages
372 896 504 951 hominum
516 896 608 963 minor,
621 895 727 951 delubra
740 895 815 951 deum
827 900 854 950 et
871 894 985 967 porticus

194 973 335 1028 amoenitati
355 972 445 1029 dicatae
466 974 543 1029 latius
566 973 704 1045 procidere.
740 972 853 1044 Plusque
876 972 1009 1032 infamias

194 1050 222 1105 id
232 1049 378 1105 incendium
395 1050 493 1117 habuit,
507 1050 567 1122 quia
585 1050 687 1121 prediis
704 1049 823 1121 Tigellini
840 1049 985 1105 AEmilianis

193 1130 344 1198 proruperat
353 1149 361 1193 ;
378 1126 562 1199 videbaturque
581 1128 653 1182 Nero
672 1126 808 1182 condendae
825 1127 896 1183 urbis
913 1144 985 1183 nova

194 1207 221 1258 et
229 1207 450 1275 cognomentosuo
459 1204 612 1276 appellanda
620 1204 727 1276 gloriam
735 1222 855 1275 querere.
883 1204 1010 1275 Quippec

194 1280 222 1335 in
244 1280 360 1352 regiones
384 1281 588 1352 quattuordecim
611 1282 697 1336 Roma
720 1280 849 1346 dividitur,
878 1300 986 1352 quarum

195 1360 319 1427 quattuor
337 1357 444 1430 integrm
463 1358 606 1423 manebant,
624 1362 678 1413 tres
700 1358 754 1413 solo
772 1362 848 1413 tenus
866 1358 985 1429 dejecta:

195 1437 293 1504 septem
311 1434 414 1505 reliquis
425 1453 507 1507 pauca
516 1439 644 1490 tectorum
656 1434 765 1506 vestigia
776 1439 932 1505 supererant,
951 1434 986 1489 la·

194 1515 291 1565 cernet
303 1515 423 1566 semusta
457 1512 587 1567 Domuum
596 1516 624 1566 et
634 1511 774 1567 insularum
787 1516 814 1567 et
825 1510 984 1583 templorum,
994 1513 1032 1570 41

194 1606 251 1659 quae
263 1588 356 1643 amissa
367 1592 435 1658 sunt,
444 1607 577 1644 numerum
586 1588 650 1643 inire
661 1588 730 1643 huud
739 1592 885 1660 promptum
892 1588 985 1645 fuerit:

194 1664 239 1720 sed
250 1665 424 1721 vetustissima
434 1665 565 1737 religione,
578 1664 647 1737 quod
666 1665 768 1721 Servius
784 1665 881 1721 Tullius
896 1665 984 1733 Lunae,

193 1746 220 1797 ct
237 1763 330 1816 magna
345 1762 389 1799 ara
406 1743 552 1815 fanumque,
572 1762 628 1815 quae
644 1742 764 1814 praesenti
781 1742 889 1799 Herculi
905 1744 986 1800 Arcas

195 1820 313 1875 Evander
330 1825 481 1886 sacraverat,
500 1820 616 1892 edesquc
634 1821 744 1876 Statoris
761 1821 834 1876 Jovis
854 1824 915 1877 vota
934 1821 986 1877 Ro-

193 1897 271 1963 mulo,
284 1898 427 1970 Numaque
444 1898 516 1970 regia
532 1902 559 1953 ct
576 1897 709 1954 delubrum
722 1899 817 1965 Vestae,
836 1916 893 1954 cum
909 1917 986 1970 pena-

193 1973 263 2028 tibus
282 1975 369 2045 populi
389 1975 500 2030 Romani
518 1980 617 2031 exusta.
653 1976 711 2030 Jam
733 1993 794 2047 opas
814 1979 854 2031 tot
872 1975 1010 2033 victoriis2

194 2049 316 2120 quaesite,
329 2055 356 2106 et
369 2052 513 2107 Gracarum
526 2053 619 2107 artium
636 2052 734 2118 decora,
747 2053 806 2107 exin
823 2057 987 2108 monumenta

194 2126 357 2197 ingeniorum
380 2129 485 2200 antiqua
507 2133 534 2184 et
551 2129 705 2200 incorrupta
725 2129 839 2200 quamvis
863 2129 986 2184 intanta

193 2204 350 2274 resurgentis
367 2205 439 2260 urbis
458 2205 653 2277 pulchritudine,
669 2205 751 2260 multa
771 2205 882 2261 seniores
900 2207 985 2261 memi-

193 2280 285 2345 nerint,
299 2299 355 2352 quae
366 2283 476 2352 reparari
488 2282 634 2353 nequibant.
670 2282 753 2337 Fuere
772 2283 815 2353 qui
833 2286 1008 2339 annotarentt

134 2402 135 2429 r
193 2355 268 2411 XIV.
282 2356 340 2412 Kal.
354 2357 463 2413 Sextiles
483 2358 635 2430 principium
658 2358 768 2414 incendii
791 2360 867 2430 hujus
890 2365 983 2427 ortum,

194 2448 246 2502 quo
258 2436 285 2487 et
297 2432 409 2488 Senones
420 2438 520 2507 captam
531 2434 621 2489 urbem
635 2434 852 2492 inflammaverint.
888 2437 940 2492 Alii
954 2445 1010 2493 cot

193 2523 274 2578 usque
286 2525 347 2562 cura
357 2510 486 2580 progressi
498 2514 558 2564 suut
569 2513 600 2565 ut
611 2509 719 2565 totidem
739 2527 818 2565 annos
835 2530 985 2586 mensesque

193 2586 221 2637 et
233 2581 287 2636 dies
298 2582 367 2638 inter
377 2589 487 2656 utraque
497 2585 613 2641 incendia
623 2592 766 2642 numerent.

229 2655 351 2712 Ceterum
371 2656 443 2711 Nero
461 2675 524 2713 usus
545 2662 585 2713 ast
603 2659 692 2729 patriae
711 2661 799 2725 ruinis,
821 2665 985 2735 extruxitque
993 2666 1032 2722 42

193 2733 297 2788 domum
307 2733 335 2786 in
347 2751 398 2803 qua
407 2732 476 2788 haud
487 2733 590 2804 perinde
602 2753 709 2806 gemma
721 2741 747 2792 ct
762 2756 851 2794 aurum
864 2741 985 2796 miraculo

194 2813 287 2875 essent,
307 2809 384 2864 solita
402 2809 501 2880 pridem
520 2815 547 2866 et
565 2811 629 2867 luxu
648 2813 760 2886 vulgata,
780 2833 855 2887 quam
878 2835 938 2873 arra
957 2822 984 2874 et

194 2891 293 2959 stagna,
305 2890 333 2942 et
343 2887 372 2942 in
382 2887 485 2942 modum
497 2887 661 2945 solitudinum
672 2891 732 2946 hinc
744 2891 813 2948 silvae
825 2893 884 2949 inde
896 2899 985 2966 aperta

194 2965 278 3036 spatia
284 2968 312 3021 et
321 2968 482 3036 prospectum
493 2964 623 3036 magistris
632 2972 659 3024 et
668 2970 881 3030 machinatoribus
891 2973 984 3030 Severo
