2550 3500
192 450 209 487 A
228 448 248 487 D
265 448 308 499 πο]
406 382 600 431 ANNALIUM
619 382 673 431 Ill.
690 384 777 431 9-13.
950 383 983 432 99

192 517 242 568 que
254 498 311 567 ejus
323 496 424 551 letatus
442 500 517 560 esset,
532 513 564 548 an
580 494 675 549 scelere
693 492 864 558 exstinxisset,
876 492 983 561 integris

191 574 283 629 animis
296 572 493 644 dijudicandum.
519 572 613 626 “Nam
625 572 648 626 si
659 571 759 642 legatus
768 570 842 625 offieii
852 570 1007 635 terminoss

191 650 343 721 obsequium
358 668 419 721 erga
434 650 611 720 imperatorem
627 649 706 714 exuit,
723 648 885 719 ejusdemque
902 652 985 703 morte

191 734 218 784 et
236 729 311 783 lustu
326 746 382 781 meo
391 727 501 782 ‘laetatus
519 732 566 791 est,
586 726 670 791 odero,
692 743 860 795 seponamque
878 744 894 779 a
910 724 985 779 domo

190 824 256 871 mea,
277 808 304 859 et
321 804 433 875 privatus
451 803 595 859 inimicitias
613 822 665 857 non
683 804 709 857 ri
732 802 852 873 principis
869 802 984 858 uleisear.

192 884 240 938 Sin
252 882 349 937 sueinus
361 883 389 936 in
401 881 574 952 cujuscunque
585 880 729 935 mortalium
739 898 800 934 nece
809 878 1008 934 vindicandumt

192 960 331 1031 detegitur,
344 977 389 1013 vos
401 976 461 1013 vero
475 962 501 1013 et
512 958 605 1012 liberos
615 958 758 1013 Germanioi
770 961 796 1012 et
809 975 856 1011 nos
868 961 985 1028 parentes

189 1038 269 1109 justis
282 1036 379 1091 solatiis
391 1034 498 1089 adicite.
535 1034 667 1105 Simulque
678 1034 741 1089 illud
749 1038 874 1105 reputate,
884 1033 1007 1088 turbidat

192 1119 219 1169 et
232 1113 353 1168 seditiose
364 1112 512 1167 tractaverit
525 1112 652 1166 exereitus
667 1112 735 1176 Piso,
749 1110 856 1181 quaesita
872 1111 924 1164 sint
940 1130 986 1181 per

193 1191 358 1245 ambitionem
370 1188 455 1243 studia
465 1188 582 1253 militum,
596 1189 672 1243 armis
684 1190 794 1259 repetita
804 1188 940 1259 provincia
953 1206 987 1241 an

192 1268 259 1323 lalsa
278 1267 333 1321 hmo
352 1266 380 1319 in
399 1266 480 1337 majus
500 1266 661 1337 vulgaverint
681 1270 856 1331 aeeuset0ms3
878 1284 986 1335 quorum

193 1362 243 1415 ego
255 1343 340 1398 nimiis
353 1342 444 1397 studiis
454 1344 512 1413 jure
528 1360 674 1397 succenseo.
711 1342 779 1397 Nam
795 1360 846 1413 quo
862 1341 1010 1413 pertinuit?

194 1420 294 1477 nudare
305 1438 396 1491 eorpus
406 1424 432 1475 et
444 1420 652 1475 eontreetandum
660 1418 731 1490 vulgi
740 1419 819 1473 oeulis
831 1419 985 1489 permittere,

194 1496 341 1568 differrique
359 1497 436 1551 etiam
459 1515 505 1567 per
525 1504 643 1551 externos
658 1500 779 1567 tanquam
795 1514 891 1551 veneno
909 1496 987 1549 inter-

193 1578 287 1645 oeptus
302 1576 377 1638 esset,
395 1574 417 1627 si
432 1574 530 1628 ineerta
546 1574 628 1629 adhue
645 1574 696 1629 istu
711 1578 738 1627 et
754 1572 890 1627 serutanda
907 1574 986 1626 sunt?

193 1652 286 1707 Dedeo
307 1650 423 1721 equidem
443 1650 522 1705 filium
540 1669 624 1705 meum
643 1668 791 1721 semperque
811 1649 923 1704 deflebo:
942 1648 1009 1704 sed8

193 1746 279 1800 neque
290 1746 362 1784 reum
375 1726 496 1800 prohibeo
509 1728 654 1799 quominus
667 1733 759 1783 cuneta
770 1728 882 1799 proferat
895 1726 987 1798 quibus

193 1805 342 1862 innocentia
353 1805 409 1876 ejus
422 1805 548 1860 sublevari
560 1809 611 1871 aut,
625 1807 648 1860 si
664 1825 715 1876 qus
726 1805 776 1860 fuit
791 1805 912 1876 iniquitas
925 1806 988 1860 Ger-

193 1883 297 1948 manioi,
311 1882 417 1954 coargui
428 1881 524 1954 possit;
542 1900 637 1951 vosque
654 1901 699 1936 oro
711 1901 751 1947 ne,
764 1883 824 1953 quia
839 1882 921 1938 dolori
931 1901 987 1937 meo

194 1977 275 2016 eausa
286 1977 401 2015 eonuexa
412 1963 460 2022 est,
473 1957 573 2029 objeeta
584 1960 689 2014 erimina
700 1978 746 2030 pro
762 1961 908 2031 approbetis
925 1960 988 2014 soei·

194 2037 284 2110 pistis.
321 2037 348 2090 Si
366 2053 429 2108 quos
447 2035 604 2106 propinquus
622 2037 726 2108 sanguis
744 2045 789 2091 aut
804 2037 867 2092 fides
881 2056 929 2092 sus
944 2051 1009 2107 prr-9

191 2120 286 2170 tronus
299 2113 377 2178 dedit,
391 2116 514 2183 quantum
526 2113 633 2183 quisque
645 2113 790 2184 eloquentia
800 2119 827 2168 et
839 2133 901 2169 eura
911 2114 986 2179 valet,

190 2193 285 2265 juvate
297 2191 490 2262 periclitantem.
516 2189 559 2244 nd
570 2189 677 2245 eundem
687 2191 805 2257 laborem,
814 2191 919 2246 eandem
930 2209 988 2246 eon·

192 2268 319 2324 stantiam
343 2271 503 2322 aeousatores
532 2266 629 2321 hortor.
677 2267 711 2322 Id
731 2268 814 2322 solum
838 2268 1026 2324 Germanieolo

193 2363 275 2417 super
291 2345 360 2416 leges
376 2343 577 2414 praestiterimus,
591 2343 660 2415 quod
675 2345 703 2398 in
720 2345 791 2400 ouria
808 2342 894 2416 petius
910 2365 987 2417 quam

191 2425 222 2480 iu
235 2422 300 2486 foro,
314 2421 381 2492 apud
393 2425 509 2476 senatum
522 2439 597 2492 quam
609 2421 677 2492 apud
685 2422 784 2492 judiees
796 2422 829 2477 de
840 2432 922 2478 morte
933 2423 988 2494 ejus

192 2499 349 2570 anquiritur.
386 2497 479 2553 Cetera
501 2499 556 2570 pari
574 2498 699 2553 modestis
718 2503 869 2555 tractentur.
904 2501 1025 2558 Nemoll

192 2577 279 2632 Drusi
295 2575 418 2642 lacrimas,
431 2594 505 2630 nemo
521 2575 667 2630 uroestitiam
685 2595 767 2631 meam
783 2581 890 2648 spectet,
903 2597 951 2634 nee
966 2579 989 2634 si

194 2673 248 2726 qua
267 2653 297 2708 in
316 2671 364 2707 nos
382 2652 487 2708 adversa
503 2653 662 2724 finguntur.”
698 2653 766 2708 Exin
783 2654 889 2710 biduum
907 2655 1033 2711 crini-13

196 2731 273 2786 nibus
298 2729 445 2802 objiciendis
469 2729 600 2796 statuitur,
621 2733 701 2800 utque
722 2749 768 2786 sex
788 2732 887 2788 diemm
906 2733 988 2803 spatio

197 2808 334 2879 interjecto
354 2825 413 2862 reus
435 2825 480 2878 per
495 2805 609 2861 triduum
626 2806 812 2863 defenderetur.
848 2809 914 2864 Tum
929 2809 1010 2862 Ful-2

199 2886 281 2940 einins
304 2887 393 2940 vetera
415 2887 442 2940 et
466 2884 550 2938 inania
573 2883 680 2949 orditur,
705 2885 838 2940 ambitiose
865 2903 989 2954 avareque

199 2961 312 3017 habitam
326 2961 492 3033 Hispaniam
511 2959 580 3032 quud
590 2979 674 3033 neque
688 2962 832 3017 esurietum
848 2978 921 3015 noxas
935 2977 988 3024 reo,
