2550 3500
182 426 201 464 A
219 424 238 463 D
255 424 296 474 ²5]
383 362 579 411 ANNALIUM
598 362 642 410 IV.
659 364 761 411 41-44.
926 364 971 411 159

182 474 245 530 bant
255 473 382 528 annalium
391 472 974 545 memoriavatumquecarmimbus,sedMaoe-

181 550 255 606 donis
267 550 385 621 Philippi,
400 570 457 606 cum
470 570 520 622 quo
532 551 676 617 bellassent,
689 552 765 607 armis
777 551 930 623 ademptum,
943 569 973 605 ac

180 634 240 699 post
264 629 294 682 O.
315 627 422 683 Caesaris
446 632 473 683 et
497 628 536 682 M.
555 629 662 683 Antonii
685 629 813 683 sententia
834 628 971 683 redditum.

181 706 279 760 Contra
290 704 414 759 Messenii
425 708 538 759 veterem
555 705 623 760 inter
638 706 759 761 Herculis
777 709 892 777 posteros
910 705 997 763 divi-2

180 783 278 837 sionem
285 782 453 853 Peloponnesi
462 782 599 853 protulere,
608 802 705 855 suoque
716 783 772 855 regi
783 783 973 838 Denthaliatem

181 878 280 927 agrurn,
300 859 328 913 in
346 878 396 930 quo
413 858 440 913 id
458 858 598 925 delubrum,
618 861 736 927 cessisse3
760 864 973 931 monumentaque

180 938 236 1007 ejus
254 936 294 991 rei
310 936 411 1007 sculpta
428 936 496 991 saxis
515 940 540 991 et
559 955 609 991 aare
627 938 710 1007 prisco
727 956 836 992 manere.
873 938 997 996 Quodsia

180 1018 276 1078 vatum,
291 1013 419 1067 annalium
432 1012 464 1067 ad
480 1013 626 1067 testimonia
637 1018 768 1080 vocentur,
782 1015 867 1085 plures
884 1014 974 1069 sibiae

180 1090 359 1161 locupletiores
374 1108 437 1145 esse.
472 1091 565 1161 Neque
581 1091 727 1162 Philippum
743 1093 864 1163 potentia,
878 1092 923 1147 sed
939 1102 998 1147 exa

181 1186 248 1235 vero,
261 1168 391 1222 statuisse.
428 1167 500 1222 Idem
512 1168 579 1239 regis
592 1169 723 1240 Antigoni,
735 1168 802 1223 idem
813 1170 973 1240 imperatoris

181 1244 302 1300 Mummii
310 1244 442 1316 judicium.
479 1245 521 1299 Sic
532 1244 649 1299 Milesios
663 1246 785 1316 permisso
795 1246 896 1317 publice
908 1246 972 1301 arbi·
982 1256 997 1301 5

180 1323 239 1386 trio,
261 1326 391 1393 postremo
412 1322 528 1377 Atidium
552 1322 687 1377 Geminum
708 1327 842 1393 praetorem
861 1323 972 1387 Achaiae,

182 1398 331 1454 decrevisse.
376 1398 570 1454 Itasecundum
586 1399 729 1455 Messenios
746 1400 841 1455 datum.
876 1400 913 1455 Et
932 1402 997 1456 Sao

182 1476 283 1547 gentoni
295 1474 375 1531 sedem
386 1476 501 1543 Veneris,
513 1479 626 1531 montem
638 1477 707 1548 apud
717 1478 835 1548 Erycum,
844 1481 974 1531 vetustate

183 1553 305 1625 dilapsam
325 1554 463 1608 restaurari
483 1554 651 1623 postulavere,
673 1559 736 1609 nota
753 1557 922 1609 memorantes
942 1553 974 1608 de

182 1631 280 1703 origine
293 1631 347 1702 ejus
360 1635 386 1685 et
398 1630 457 1685 laeta
469 1630 577 1686 'liberio
614 1631 732 1703 Suscepit
745 1650 831 1686 curam
842 1630 931 1697 libens,
943 1634 998 1695 ut?

183 1708 394 1781 consanguineus.
430 1708 502 1764 Tunc
525 1711 642 1765 tractata
660 1708 859 1765 Massiliensium
877 1726 973 1780 preces,

183 1786 368 1858 probatumque
384 1787 414 1842 P.
427 1785 520 1842 Rutilii
536 1787 687 1858 exemplum.
723 1787 842 1858 Namque
858 1805 923 1851 eurn,
941 1786 975 1841 lc·

184 1864 258 1936 gibus
278 1865 386 1936 pulsum,
407 1864 488 1919 civem
508 1863 557 1918 sibi
578 1865 701 1935 Smymaei
721 1864 877 1919 addiderant.
914 1863 998 1922 Quos

180 1942 238 2013 jure
249 1943 386 1998 Vulcatius
397 1943 521 1998 Moschus
534 1941 599 2008 exul,
612 1943 641 1997 in
656 1943 829 1998 Massilienses
846 1945 972 2012 receptus,

183 2020 249 2076 bona
261 2039 308 2076 sua
318 2021 357 2076 rei
368 2019 475 2091 publica
487 2037 582 2088 eorum,
594 2023 624 2074 ut
636 2020 733 2090 patria,
744 2021 889 2091 reliquerat.
1079 2052 1081 2055 -

217 2097 311 2153 Obiere
324 2116 354 2153 eo
366 2115 432 2152 anuo
448 2097 497 2153 viri
511 2097 608 2152 nobiles
626 2097 673 2152 On.
685 2098 814 2153 Lentulus
831 2099 858 2151 et
875 2095 907 2150 L.
920 2094 973 2149 Do·
982 2092 1021 2146 44

182 2175 279 2230 mitius.
322 2175 441 2240 Lentulo,
455 2193 531 2246 super
547 2174 707 2230 consulatum
722 2178 748 2229 ct
764 2172 927 2244 triumphalia
943 2171 975 2226 de

182 2251 299 2317 Gaetufis,
323 2252 409 2324 gloriae
432 2253 517 2306 fuerat
537 2251 601 2306 bene
621 2251 732 2306 tolerata
750 2256 895 2321 paupertas,
915 2248 975 2303 dein

180 2347 281 2401 magnae
290 2347 351 2400 opes
362 2329 510 2384 innocenter
520 2332 616 2400 paratae
625 2332 652 2383 et
660 2328 774 2382 modeste
785 2326 886 2382 habitae.
922 2326 973 2380 Do·
984 2337 998 2382 2
1045 2390 1050 2398 ι

180 2407 284 2462 mitium
295 2405 422 2468 decorarit
434 2411 508 2478 pater
524 2405 591 2461 civili
606 2405 673 2460 bello
687 2404 763 2458 maris
779 2407 877 2474 potens,
894 2403 974 2459 donec

180 2483 291 2539 Antonii
319 2484 442 2555 partibus,
467 2502 527 2538 rnox
557 2482 673 2547 Caesaris,
697 2481 854 2536 misceretur.
901 2483 974 2536 Avus
1039 2489 1041 2494 '

179 2561 329 2616 Pharsalica
340 2561 393 2616 acie
404 2580 450 2632 pro
462 2561 627 2632 optimatibus
645 2559 778 2615 ceciderat.
814 2559 875 2630 Ipse
885 2559 974 2625 deleo·
984 2572 999 2617 3

179 2643 224 2694 tus
237 2639 281 2695 oui
292 2639 374 2693 minor
385 2639 505 2705 Antonia,
517 2638 624 2693 Octavia
635 2637 729 2708 genita,
742 2637 770 2691 in
786 2636 974 2691 matrimonium

181 2717 295 2784 daretur,
306 2719 366 2787 post
378 2716 492 2771 exercitu
503 2715 598 2770 flumen
606 2715 692 2770 Albim
698 2713 864 2778 transcendit,
872 2713 974 2784 longius

181 2797 318 2865 penetrata
339 2793 473 2848 Germania
490 2811 566 2864 quarn
584 2793 718 2862 quisquam
734 2793 863 2864 priorum;
881 2808 974 2860 easque

182 2871 215 2926 ob
238 2889 281 2926 res
305 2871 416 2942 insignio
437 2869 561 2941 triumphi
585 2867 693 2940 adeptus
716 2873 764 2924 cst.
800 2867 872 2922 Obiit
895 2869 922 2919 et
940 2865 999 2922 Ias

183 2948 423 3014 Antonius‚n1ulta
444 2946 593 3004 claritudine
614 2947 723 3018 generis,
744 2945 790 3001 sed
810 2945 973 3014 improspera.
