2550 3500
281 401 314 450 dd
618 400 740 450 TACITI

920 458 1082 512 [adorea

282 513 411 569 cationum
435 513 488 568 dies
518 514 653 586 Pomponii
676 514 761 569 Flacci
784 513 912 569 sententia
935 514 1081 568 constituti.

259 591 358 650 4Dona
376 591 443 656 Jovi,
466 591 555 657 Marti,
576 591 731 657 Concordia,
753 595 834 662 utque
854 591 943 645 iduum
965 591 1082 662 Septem·

281 667 366 723 briam
382 667 508 738 diesque
523 687 551 723 se
567 668 633 723 Libo
650 669 820 734 interfecerat,
838 667 892 722 dies
905 667 988 722 festus
1005 667 1081 722 habe·

281 750 361 810 retur,
374 745 406 800 L.
419 745 470 800 P*
481 746 499 782 *
510 745 528 784 *
540 749 566 801 et
581 746 669 801 Grallus
676 747 780 801 Asinius
790 750 817 801 et
826 745 921 816 Papius
928 745 1040 799 Mutilus
1052 748 1081 799 et

280 821 312 878 11.
324 822 452 894 Apronius
476 822 627 888 decrevere3
657 841 766 894 quorum
802 823 969 878 auctoritates
992 821 1081 876 adula-

282 899 417 971 tionesque
438 900 535 966 rettuli,
554 903 585 970 ut
606 901 715 956 sciretur
733 903 810 956 vetus
830 899 858 955 id
880 900 909 955 in
926 917 955 954 re
975 898 1080 970 publica

260 976 385 1031 amalum.
428 975 508 1032 Facta
530 981 557 1032 et
581 976 612 1032 de
635 976 821 1032 mathematicis
847 977 978 1048 magisque
1001 976 1080 1030 Italia

274 1053 404 1125 pellendis
417 1058 520 1109 senatus
530 1055 663 1122 consulta;
682 1073 790 1126 quorum
802 1073 817 1109 e
828 1072 934 1109 numam
946 1054 977 1108 L.
990 1053 1079 1108 Pitua-
1143 1094 1145 1105 .

281 1130 340 1186 nius
359 1150 420 1186 saxo
439 1131 552 1203 dejectus
571 1137 618 1198 est,
637 1133 666 1188 in
682 1133 713 1187 P.
726 1131 853 1186 Marcium
870 1130 986 1186 consules
1004 1134 1080 1186 extra

282 1212 383 1279 portam
407 1209 572 1280 Esquilinam,
593 1228 652 1265 cum
675 1209 809 1265 classicum
832 1227 922 1264 canere
931 1207 1076 1280 jussissent,

282 1303 353 1340 more
362 1285 447 1357 prisco
460 1285 599 1342 advertere.

239 1371 277 1426 33
318 1363 438 1418 Proximo
451 1367 554 1418 senatus
573 1363 614 1418 die
628 1363 847 1418 multainlnxum
859 1361 970 1418 civitatis
981 1361 1078 1418 dietaa

284 1440 317 1500 Q.
331 1441 440 1496 Haterio
452 1440 585 1506 consulari,
595 1441 702 1497 Octavio
711 1441 841 1495 Frontone
851 1444 964 1511 praetura
974 1440 1075 1507 funct03

284 1517 464 1590 decretumque
487 1537 519 1574 ne
543 1537 604 1574 vasa
627 1537 690 1573 auro
713 1517 793 1573 solida
815 1517 989 1572 ministrandis
1013 1516 1076 1572 cibis

262 1596 380 1662 aderent,
409 1615 442 1652 ne
470 1596 549 1652 vestis
581 1596 667 1650 Serica
695 1596 763 1651 viros
791 1594 906 1651 foederet.
957 1595 1076 1650 Excessit

283 1673 387 1739 Fronto,
401 1692 430 1728 ae
441 1673 580 1744 postulavit
593 1673 696 1728 modum
707 1676 821 1745 argento,
834 1672 992 1743 supellectili,
1005 1673 1078 1727 fami·
1143 1704 1145 1731 ;

283 1750 338 1807 liae:
357 1756 412 1807 erat
428 1752 521 1823 quippe
535 1751 617 1806 adhue
632 1751 752 1822 frequens
768 1750 935 1817 senatoribus,
954 1751 977 1805 si
989 1750 1077 1821 quide

263 1828 427 1899 erepublica
444 1828 583 1894 crederent,
600 1829 656 1883 loeo
670 1829 943 1899 sententiaepromere.
979 1828 1077 1883 Contra

285 1906 372 1960 Gallus
385 1905 489 1960 Asinius
502 1904 636 1961 disseruit:
656 1910 734 1961 auctu
742 1906 842 1977 imperii
850 1905 989 1961 adolevisse
998 1906 1077 1960 etiam
1143 1955 1145 1968 ,

283 1982 395 2055 privatas
417 2001 485 2055 opes,
507 1982 583 2054 idque
606 2002 660 2038 non
678 2002 773 2039 novum
796 1982 843 2038 sed
862 2002 877 2038 e
895 1984 1076 2039 vetustissimis
1143 1987 1145 1990 ’

283 2062 412 2118 moribus:
441 2062 513 2117 abam
532 2061 600 2134 apud
615 2062 752 2128 Fabricios,
770 2063 844 2117 abeam
862 2064 929 2133 apud
945 2063 1077 2134 Scipiones

283 2140 430 2212 pecuniam3
449 2144 475 2195 et
488 2144 580 2195 cuneta
591 2139 624 2194 ad
634 2160 688 2196 rem
700 2141 826 2212 publicam
837 2140 994 2211 referrique
1003 2141 1077 2196 tenui

284 2222 406 2291 angustas
429 2218 523 2274 civium
547 2218 643 2284 domos,
667 2222 802 2291 postquam
827 2236 858 2273 eo
882 2218 1076 2291 magnificentia

263 2297 390 2363 avenarit,
400 2296 506 2369 gliscere
518 2296 639 2368 singulos.
675 2297 768 2368 Neque
779 2298 807 2352 in
815 2296 910 2351 familia
921 2300 948 2351 et
960 2302 1075 2369 argento,

284 2392 390 2446 quaque
402 2374 434 2429 ad
442 2394 518 2430 usum
529 2377 658 2445 parentur,
668 2374 774 2429 nimium
786 2374 881 2445 aliquid
892 2378 937 2429 aut
948 2374 1076 2430 modicum

263 2451 334 2519 5nisi
343 2470 375 2506 ex
386 2452 490 2507 seduna
501 2451 663 2523 possidentis.
699 2453 843 2508 Distinctos
852 2456 956 2507 senatus
968 2455 995 2507 et
1006 2453 1076 2523 equi·

283 2532 340 2583 tum
355 2546 454 2595 census,
470 2548 523 2584 uon
541 2529 601 2600 quia
615 2528 708 2585 diversi
723 2535 823 2595 natura,
841 2528 888 2584 sed
902 2533 933 2584 ut
948 2529 1018 2595 locis,
1035 2548 1077 2585 or·

284 2605 392 2671 dinibus,
403 2606 599 2678 dignationibus,
610 2607 735 2662 antistent
743 2611 770 2662 et
781 2607 837 2661 aliis
849 2625 905 2677 quae
917 2606 950 2661 ad
961 2608 1076 2678 requiem

284 2684 360 2737 animi
378 2688 423 2738 aut
442 2682 617 2741 salubritatem
635 2702 769 2755 corporum
789 2688 919 2755 parentur,
938 2683 989 2739 nisi
1007 2684 1077 2740 forte
1143 2725 1145 2732 -

283 2761 421 2816 clarissimo
442 2762 533 2834 cuique
554 2761 639 2833 plures
663 2780 745 2828 curas,
766 2762 863 2833 majora
885 2761 997 2833 pericula
1017 2762 1077 2817 sub·

284 2838 374 2905 eunde,
388 2838 564 2895 delenimentis
580 2858 698 2895 curamm
710 2843 737 2893 et
752 2840 922 2911 periculorum
938 2840 1076 2895 carendum

262 2932 347 2979 cesse.
383 2916 493 2971 Facilem
506 2916 641 2971 adsensum
651 2916 731 2981 Gallo,
742 2916 789 2971 sub
798 2916 941 2972 nominibus
951 2917 1075 2983 honestis,

284 2992 409 3049 confessio
417 2994 537 3050 vitiorum
550 2997 577 3049 et
589 2991 728 3048 similitudo
740 2993 896 3049 audientium
907 2993 987 3051 dedit.
1021 2994 1076 3051 Ad·
