2550 3500
222 434 247 472 A.
258 434 283 472 D·
296 433 336 484 48¹]
424 374 617 421 ANNALIUM
634 374 681 422 xl.
699 375 801 422 aa-aa.
959 376 1004 423 231

223 482 301 538 tidem
313 484 480 556 interrogaret
492 505 524 539 an
535 486 589 557 ipse
600 486 699 557 imperii
709 488 807 557 potens,
820 503 852 538 an
869 484 945 539 Silius
956 486 1007 555 pri·

222 565 296 614 vatus
320 565 394 616 esset.
430 564 466 616 At
490 563 627 617 Messalina
649 581 701 617 non
724 562 784 617 alias
808 561 913 616 solutior
935 562 1029 627 luxus

222 636 309 691 adulto
333 642 468 693 auctumno
498 639 658 695 simulacrum
684 638 815 695 vindemia
837 657 883 709 per
905 638 1006 693 domum

221 714 371 769 celebrabat.
416 716 511 787 Urgeri
533 717 616 787 praela,
640 718 720 772 tluere
742 716 828 783 laeus3
858 719 885 771 et
907 716 1029 771 feminal

219 790 328 862 pellibus
341 792 458 848 accinctae
473 793 629 848 assultabant
641 797 672 847 ut
684 794 853 849 sacrificantes
864 792 905 847 vel
915 792 1006 847 insani·

220 873 294 924 entes
306 868 411 925 Bacchae
419 893 426 936 ;
444 870 500 941 ipsa
511 871 579 925 crine
594 872 664 925 fluxo
677 871 793 942 thyrsum
811 870 932 943 quatiens,
947 870 1006 941 jux·

218 949 298 1016 taque
318 946 395 1001 Silius
413 947 506 1002 hedera
524 947 632 1013 vinctus,
654 966 742 1018 gerere
762 949 906 1013 cothurnos,
923 947 1007 1017 jacere

219 1027 305 1093 caput,
317 1026 444 1093 strepente
452 1024 545 1079 circum
552 1025 653 1096 procaci
664 1025 748 1080 choro.
783 1026 879 1080 Ferunt
890 1024 1028 1079 Vettiumt

218 1100 355 1155 Valentem
373 1100 475 1156 lascivia
490 1102 517 1155 in
533 1101 663 1173 praealtam
683 1100 798 1156 arborem
814 1102 951 1166 connisum,
970 1101 1007 1155 in-

218 1176 409 1247 terrogantibus
427 1177 488 1249 quid
505 1179 635 1249 aspiceret,
655 1178 814 1249 respondisse
831 1181 1006 1249 tempestatem

218 1252 252 1308 ab
274 1254 348 1307 Ostia
366 1262 483 1321 atrocem,
503 1256 556 1310 sive
574 1258 684 1326 coeperat
704 1273 734 1310 ea
752 1255 854 1325 species,
876 1274 922 1309 seu
939 1255 1006 1309 forte

131 1352 132 1361 ¹
217 1330 291 1401 lapsa
299 1348 351 1385 vox
362 1331 543 1403 inpracsagium
554 1332 641 1387 vertit.
677 1332 739 1386 Non
749 1350 834 1386 rumor
845 1332 949 1396 interea,
962 1330 1005 1386 sed
1014 1339 1050 1393 32

218 1406 332 1478 undique
349 1409 433 1464 nuntii
449 1408 576 1473 incedunt,
595 1409 638 1480 qui
656 1427 735 1479 gnara
751 1407 856 1462 Claudio
872 1412 963 1462 cuncta
980 1411 1006 1462 ct

218 1484 306 1539 venire
326 1489 470 1557 promptum
492 1486 583 1541 ultioni
602 1486 727 1540 afferrent.
762 1484 848 1555 IgItnr
870 1484 1029 1544 Messalinae

217 1561 382 1617 Lucullianos
406 1564 434 1617 in
455 1563 551 1627 hortos,
577 1562 655 1617 Silius
679 1561 858 1617 dissimulando
881 1565 952 1616 metu
974 1560 1007 1615 ad

217 1638 307 1693 munia
324 1638 373 1694 fori
391 1639 573 1711 digrediuntur.
610 1639 709 1693 Ceteris
728 1638 822 1710 possim
839 1637 1028 1693 dilabentibusss

128 1766 129 1789 ἶ
218 1716 315 1771 affircrc
334 1717 501 1782 centuriones,
518 1716 649 1788 inditaque
667 1719 728 1772 sunt
743 1715 832 1782 vincla,
849 1719 879 1770 ut
897 1715 953 1787 quis
968 1733 1006 1770 re-

128 1795 129 1812 ¹
217 1793 364 1863 periebatur
388 1795 416 1849 in
442 1794 543 1865 publico
571 1799 615 1848 aut
644 1813 691 1865 per
717 1793 834 1848 latebras.
869 1792 1028 1848 Messalinus

217 1874 313 1936 tamen,
326 1889 468 1942 quanquam
481 1890 522 1926 res
541 1870 652 1926 adversae
667 1871 799 1926 consilium
811 1870 956 1935 eximerent,
969 1870 1006 1924 irc

218 1948 319 2004 obviam
337 1951 363 2002 et
378 1947 455 2018 aspici
472 1948 596 2013 amarito,
610 1948 677 2019 quod
692 1967 757 2020 sape
773 1947 912 2002 subsidium
929 1946 1006 2002 habu·

218 2028 282 2090 erat,
299 2024 367 2079 haud
385 2026 496 2096 segniter
513 2024 628 2090 intendit,
644 2026 778 2096 jussitque,
797 2029 828 2079 ut
844 2024 1006 2079 Britannicus

218 2114 246 2157 ct
265 2102 371 2157 Octavia
388 2102 415 2156 in
432 2102 589 2173 complexum
607 2103 687 2173 patris
704 2105 847 2174 pergerent.
882 2101 918 2156 Et
935 2101 1028 2156 Vibi-5

218 2179 286 2234 diam
298 2179 424 2250 virginum
432 2179 574 2234 Vestalium
583 2179 781 2234 vetustissimam
790 2178 871 2233 oravit
881 2177 1006 2249 pontificis

217 2255 322 2310 maximi
339 2275 411 2310 aures
430 2255 506 2320 adire,
527 2255 685 2311 clementiam
702 2259 828 2326 expetere.
864 2257 949 2326 Atque
969 2255 1029 2316 inc

216 2332 301 2398 terim,
320 2332 402 2387 tribus
423 2333 524 2387 omnino
543 2331 729 2399 comitantibus,
745 2331 783 2399 (id
799 2336 903 2403 repente
920 2332 1006 2387 solitu·

217 2409 285 2464 dinis
298 2413 369 2478 1111)
383 2411 492 2481 spatium
504 2409 574 2465 urbis
585 2409 692 2480 pedibus
708 2427 816 2474 emensa,
829 2409 1006 2481 vehiculoque

217 2491 385 2558 purgamenta
399 2487 530 2542 hortorum
548 2486 714 2558 †eripiuntnr
725 2488 919 2557 (eccspmntur),
938 2488 1006 2542 Osti-

217 2582 305 2618 ensem
321 2564 388 2618 viam
405 2564 491 2630 intrat,
504 2564 574 2619 nulla
590 2563 738 2634 cujusquam
758 2563 934 2630 misericordia,
948 2565 1007 2635 quia

216 2639 372 2712 flagitiorum
385 2640 529 2696 deformitas
541 2640 699 2712 praevalebat.
735 2640 918 2712 Trepidabatur
928 2642 1006 2696 nihilo
1014 2646 1051 2700 33
1144 2644 1145 2649 ’

216 2717 302 2772 minua
314 2735 330 2772 a
342 2717 456 2773 Gaesare:
476 2719 567 2789 quippe
585 2719 656 2772 Geta
671 2718 783 2788 praetorii
801 2718 919 2788 praefecto
938 2717 1007 2773 haud

217 2794 281 2848 satis
298 2793 417 2859 fidebant,
436 2793 468 2848 ad
485 2795 591 2850 honesta
608 2813 654 2849 scu
665 2812 742 2865 prava
755 2795 830 2866 juxta
845 2795 901 2850 levi.
936 2795 1028 2866 Erg02

217 2871 364 2937 Narcissus,
388 2872 523 2943 assumptis
547 2872 638 2942 quibus
661 2872 728 2927 idem
749 2876 840 2938 metus,
858 2890 908 2926 non
932 2872 1006 2926 aliam

218 2965 291 3020 spem
308 2948 488 3004 incolumitatis
505 2949 610 3004 Caesaris
626 2950 739 3017 affirmat,
757 2968 831 3021 quam
849 2949 870 3003 si
883 2949 926 3020 jus
943 2949 1007 3003 mili-
