2550 3500
314 374 360 422 892
648 374 768 423 TACITI

943 437 977 486 [A.
987 436 1014 476 u.
1025 438 1048 476 e.
1057 436 1105 477 ere.

312 484 485 539 incolumitate
496 482 594 549 domus,
613 488 641 539 et
657 503 690 539 cn
706 485 834 557 placabilis
852 486 931 551 Nero,
944 504 977 539 an
989 488 1106 558 cognitio

289 566 414 624 esenatus
426 560 489 616 nihil
506 565 580 615 atrox
598 562 707 617 afferret.
743 562 830 633 igitur
846 562 926 617 accita
938 568 977 617 est
989 563 1016 619 in
1029 582 1107 619 reue-

310 643 374 703 tum,
387 640 564 709 steteruntque
576 638 676 704 diversi,
689 643 748 694 ente
760 639 872 694 tribunsl
883 640 1015 695 consulum
1023 658 1102 711 gran·

310 714 349 769 dis
373 733 427 770 aevo
449 732 547 785 parens,
572 720 662 770 eontra
684 716 737 771 filia
759 716 827 771 iutra
847 716 994 773 vieesimruu
1014 718 1103 772 aetatis

310 810 412 857 anunm,
425 810 507 863 nuper
522 792 614 846 morito
629 794 715 848 Annio
732 793 846 848 Pollione
860 793 887 847 in
905 794 1007 849 exilium
1024 794 1103 865 pulso

309 869 413 924 viduatu
425 869 593 940 desolatoque,
606 888 635 924 ac
647 888 679 925 ne
688 873 786 941 patrem
795 869 897 941 quidem
904 870 1014 938 intuens,
1024 870 1101 942 cujus

265 948 300 1001 31
310 948 430 1001 onerdsse
441 946 553 1017 pericula
563 945 704 1001 videbatur.
729 947 793 1001 'llum
806 947 980 1019 interrogante
996 964 1102 1001 secuso-

308 1027 373 1088 tore,
393 1041 426 1077 an
446 1022 530 1077 cultus
549 1021 653 1088 dotales,
675 1042 708 1078 eu
728 1023 872 1079 deuectum
891 1024 983 1082 cervici
1003 1024 1099 1079 monile

307 1118 401 1154 venum
414 1098 533 1164 dedisset,
547 1118 597 1170 quo
609 1100 743 1170 pecuniam
758 1100 878 1155 faciendis
894 1100 999 1172 magicis
1018 1101 1099 1155 sacris

307 1176 476 1241 contraheret,
493 1176 602 1246 primum
619 1180 701 1233 strete
717 1177 789 1232 humi
804 1176 930 1249 longoque
948 1178 1011 1233 fletu
1025 1180 1052 1232 et
1065 1178 1101 1231 si-

307 1254 395 1318 lentio,
407 1257 466 1325 post
478 1253 569 1308 altaria
580 1257 606 1308 et
618 1272 687 1309 arum
699 1253 836 1325 complexa,
851 1260 867 1283 “
874 1254 991 1314 Nullos?
1004 1254 1099 1325 inquit,

309 1331 424 1401 “impios
445 1330 513 1396 deos,
534 1330 616 1385 nullus
631 1331 786 1397 devotiones,
805 1349 852 1387 nec
867 1332 937 1387 uliud
954 1330 1098 1387 infelicibus

307 1407 424 1478 precibus
443 1407 565 1476 invocavi,
584 1426 659 1479 quam
674 1412 705 1463 ut
721 1408 788 1463 huuc
805 1408 928 1479 optimum
942 1412 1041 1479 petrem
1056 1414 1097 1477 tu,

277 1493 292 1538 2
308 1484 400 1551 Cesar,
413 1503 466 1550 vos,
478 1489 571 1555 patres,
585 1485 719 1541 servaretis
731 1485 888 1541 incolumem.
926 1485 968 1540 Sic
983 1503 1097 1557 gemmae

307 1568 334 1617 et
352 1567 437 1618 vestes
454 1567 481 1617 et
501 1561 633 1635 dignitatis
647 1562 757 1634 insignis
774 1562 839 1627 dedi,
859 1561 984 1634 quomodo
1001 1563 1024 1618 si
1039 1580 1097 1617 seu-

281 1640 409 1710 eguinem
428 1642 454 1694 et
471 1640 550 1693 vitem
565 1640 748 1710 poposcissent.
784 1639 903 1695 Viderint
919 1640 970 1709 isti,
989 1640 1097 1696 antehoc

306 1716 367 1772 mihi
386 1716 476 1789 ignoti,
499 1734 550 1788 quo
568 1716 669 1772 nomine
690 1716 749 1783 siut,
771 1734 833 1788 ques
858 1721 925 1774 artes
944 1721 1095 1774 exerceant:

306 1794 376 1848 nulla
386 1794 448 1848 mihi
458 1793 579 1864 principis
590 1794 686 1849 mentio
695 1794 744 1849 nisi
753 1794 820 1849 inter
827 1797 934 1850 numina
945 1795 1003 1850 luit.
1028 1795 1096 1850 Nes·

306 1871 342 1924 cit
364 1874 450 1924 tumen
472 1870 627 1925 miserrimus
651 1874 744 1941 peter;
762 1875 788 1926 et
816 1871 839 1926 si
859 1872 955 1926 crimen
972 1874 1019 1938 est,
1040 1872 1096 1928 eoln

257 1954 294 2008 32
307 1946 425 2016 deliqui.'’
460 1946 601 2016 Loquentis
613 1946 696 2001 adhuc
708 1946 784 2002 verba
798 1947 893 2018 excipit
906 1949 1023 2014 Soranus,
1035 1966 1095 2020 pro-

306 2024 446 2095 clamatque
465 2041 517 2078 nou
535 2022 604 2078 illam
623 2023 652 2077 in
671 2023 825 2094 provinciam
844 2042 929 2080 secum
946 2025 1092 2098 profectam,

305 2119 357 2155 nou
367 2100 460 2156 Plauto
471 2118 517 2171 per
528 2103 630 2155 etatem
647 2099 719 2154 nosci
737 2101 860 2170 potuisse,
879 2119 931 2156 non
948 2101 1093 2158 criminibus

306 2177 391 2232 mariti
410 2195 564 2232 connexam:
582 2177 667 2250 nimio
686 2180 788 2232 tantum
812 2179 917 2250 pietatis
934 2197 1003 2235 reum
1023 2197 1094 2251 sepe-

279 2271 294 2318 2
307 2258 399 2320 rarent,
413 2259 489 2325 atque
502 2255 557 2325 ipse
572 2272 749 2326 quemcunque
761 2259 855 2310 sortem
872 2255 977 2312 subiret.
1013 2256 1094 2313 Simul
1132 2255 1133 2327 l

308 2332 335 2386 in
358 2331 487 2403 amplexus
510 2332 665 2387 occurrentis
688 2332 746 2388 filiae
772 2331 869 2397 ruebat,
894 2333 944 2387 nisi
966 2333 1091 2404 interiect'

308 2409 532 2480 lictoresutrisque
540 2409 706 2464 obstitissent.
737 2409 884 2464 Moxdutus
892 2409 1001 2464 testibus
1010 2409 1090 2476 locus3

308 2490 335 2541 et
355 2491 475 2558 quantum
497 2487 673 2543 misericordie
694 2488 791 2543 saevitic
811 2487 976 2542 accusationis
994 2505 1092 2558 permo-

281 2564 387 2630 ³rerat,
400 2568 501 2620 tantum
517 2565 561 2620 irae
578 2566 608 2620 P.
621 2565 746 2638 Egnatius
763 2563 837 2620 testis
855 2564 970 2619 concivit.
1007 2564 1090 2620 Cliens

308 2643 350 2698 hic
368 2643 463 2711 Sorani,
477 2646 504 2697 et
521 2646 584 2698 tuuc
600 2647 701 2713 emptus
717 2641 750 2698 ad
766 2641 957 2713 opprimendum
975 2642 1088 2708 amicum,
1130 2711 1131 2714 Ἴ

308 2721 485 2776 auctoritatem
509 2720 601 2775 Stoice
621 2724 696 2775 secto
717 2719 873 2790 proferebat,
894 2719 983 2774 habitu
1001 2724 1027 2774 et
1045 2738 1089 2775 ore
1130 2727 1131 2738 ¹

309 2798 342 2852 ud
357 2797 543 2869 exprimendam
561 2797 694 2867 imaginem
713 2797 813 2850 honesti
830 2796 963 2860 exercitus,
977 2805 1085 2852 ueterum

309 2876 392 2930 animo
403 2874 558 2946 perfidiosus,
572 2873 700 2938 subdolus,
718 2873 847 2928 avaritiam
861 2891 890 2928 cc
905 2872 1030 2928 libidinem
1046 2890 1087 2927 oc-

308 2952 424 3018 cultens3
442 2969 498 3024 quae
520 2955 654 3024 postquam
677 2950 783 3020 pecunia
805 2950 903 3006 reclusa
926 2955 994 3014 sunt,
1018 2947 1084 3004 dedit
1129 2969 1130 3022 l

1127 3049 1130 3212 l
