2550 3500
240 346 273 397 60
460 381 464 392 ,
573 344 693 394 Tnclrl

872 407 908 457 [s.
918 407 946 447 u.
956 408 978 447 c.
987 407 1035 450 reo.

239 455 414 528 magnitudine
435 457 551 523 excessit,
573 456 709 513 hostilibus
729 456 825 512 ancum
844 456 970 523 litoribus,
987 463 1035 512 ant

240 532 278 588 ita
294 538 367 589 vasto
384 538 411 590 et
428 534 560 606 profundo,
572 539 603 589 ut
619 534 738 589 credatur
752 534 964 592 novissimumac
977 535 1035 589 sine

219 611 315 670 2tenis
336 629 413 666 mare.
449 611 513 666 Pars
532 611 635 668 navium
654 611 753 666 hausta
774 615 842 676 sunt,
857 611 943 682 plnres
964 611 1035 682 apud

239 688 334 744 insulas
346 689 446 761 longius
459 689 520 744 sitas
537 689 643 761 ejectae3
659 689 790 760 milesque,
802 689 872 744 nullo
886 689 938 744 illic
953 689 1034 743 homi·

240 783 301 820 num
320 765 400 832 cultu,
418 765 484 822 fame
504 765 663 837 absumptus,
682 765 733 821 nisi
753 784 816 836 quos
832 784 939 836 corpora
956 785 1034 837 equo-

218 847 297 896 trum
308 842 397 898 eodem
408 843 470 899 elisa
480 843 658 902 toleraverant.
695 842 754 898 Sola
766 843 909 898 Germanici
919 843 1033 898 triremis

240 919 398 976 Chaucorum
411 926 505 976 terram
518 921 630 992 adpulit3
649 939 725 992 quem
737 939 783 992 per
799 939 887 976 omnes
903 921 960 976 illos
976 921 1032 976 dics

238 1002 377 1069 noctesque
398 999 465 1072 apud
484 999 600 1070 scopulos
616 1003 643 1054 et
661 999 832 1070 prominentes
848 1017 913 1064 oras,
930 1017 988 1054 cnm
1003 1016 1042 1054 sc‘

238 1075 305 1130 tanti
323 1077 396 1131 exitii
415 1095 488 1132 reum
506 1076 655 1142 clamitaret,
676 1077 721 1132 vix
738 1075 873 1132 cohibuere
888 1076 962 1131 amici
979 1095 1032 1147 qno

215 1151 321 1210 ‘lirinus
333 1153 421 1209 eodem
437 1153 501 1209 mari
517 1158 658 1226 oppeteret.
694 1152 807 1208 Tandem
820 1152 949 1208 relabente
964 1158 1032 1208 astu

237 1233 265 1284 et
288 1230 443 1286 secundante
468 1235 545 1288 vento
569 1231 666 1287 clauda
684 1250 762 1286 naves
784 1249 842 1285 raro
859 1230 966 1302 remigio
985 1235 1031 1286 aut

236 1305 342 1364 intentis
356 1307 478 1374 vestibus,
495 1313 522 1364 ct
539 1309 655 1380 quaedam
671 1327 687 1363 a
701 1307 864 1365 validioribus
878 1312 975 1374 tracta,
991 1327 1030 1363 re.
1135 1316 1137 1329 ²

237 1389 351 1452 vertere;
370 1405 433 1457 quas
457 1387 551 1458 raptim
574 1387 683 1442 resectas
707 1387 777 1441 misit
800 1390 831 1441 ut
855 1389 1031 1441 scrutarentur

215 1462 339 1518 tinsnlas.
376 1464 484 1521 Collecti
495 1483 526 1520 ea
541 1483 602 1520 cura
617 1464 746 1536 plerique:
765 1463 859 1519 multos
875 1464 1029 1535 Angrivarii,

235 1558 317 1610 nuper
332 1541 360 1596 in
375 1541 451 1598 fidem
466 1542 570 1614 accepti,
583 1541 728 1613 redemptos
746 1541 778 1596 ab
795 1541 957 1596 interioribus
974 1541 1031 1596 red·

236 1615 321 1674 didere
325 1641 333 1684 ;
352 1619 454 1690 quidam
465 1619 493 1674 in
503 1619 664 1674 Britanniam
675 1618 750 1691 rapti,
761 1622 787 1674 ct
796 1619 895 1674 remissi
904 1619 1030 1690 aregnlis.
1135 1674 1137 1709 i

213 1695 274 1752 eUr
287 1697 342 1768 quis
352 1717 384 1754 ex
392 1697 530 1771 longinquo
542 1701 683 1765 revenerat,
692 1697 813 1753 miracula
824 1697 967 1764 narrabant,
977 1697 1030 1753 vim

235 1773 365 1830 turbinum
374 1780 400 1831 et
409 1776 537 1833 inauditas
546 1776 670 1843 volucres,
679 1781 794 1831 monstra
803 1776 888 1842 maris,
898 1775 1029 1847 ambiguas

234 1850 365 1907 hominum
374 1856 400 1908 et
409 1852 550 1909 belluarum
561 1854 664 1919 formas,
673 1853 728 1908 visa
736 1854 789 1908 sive
798 1872 830 1907 cx
841 1858 913 1908 metu
924 1854 1028 1908 credita

190 1930 226 1983 25
236 1928 286 1983 Sed
302 1929 370 1984 fama
387 1930 474 1985 classis
495 1931 595 1986 amissa
611 1934 643 1986 ut
661 1931 800 1985 Germanos
819 1929 852 1984 ad
869 1948 941 2002 spem
962 1930 1027 1996 belli,
1135 1941 1137 1994 ξ

212 2005 271 2061 2ita
288 2006 413 2062 Oaesarem
425 2007 457 2063 ed
473 2007 639 2064 coircendum
657 2008 747 2063 crexit.
783 2007 813 2063 0.
827 2007 889 2062 Silio
907 2026 966 2063 curn
982 2008 1029 2063 tri·

233 2083 305 2154 ginta
321 2084 443 2155 peditum,
459 2084 542 2141 tribus
561 2085 677 2155 equitnm
692 2084 803 2140 millibus
820 2085 859 2141 ire
875 2085 904 2140 in
920 2084 1028 2139 Chattos

233 2160 357 2232 imperat3
374 2162 431 2235 ipse
451 2162 590 2234 majoribus
611 2162 690 2235 copiis
704 2164 806 2217 Marsos
824 2163 951 2234 irrumpit,
968 2181 1028 2233 quo·

234 2258 290 2293 rum
312 2239 365 2295 dux
380 2239 565 2306 Mallovendus,
585 2259 667 2311 nuper
683 2241 711 2296 in
728 2240 883 2295 deditionem
899 2248 1026 2311 acceptus,

235 2316 375 2389 propinquo
387 2318 445 2373 luco
457 2318 583 2373 defossam
594 2318 712 2373 Variana
727 2317 834 2389 legionis
850 2317 960 2389 aquilam
975 2336 1027 2372 mo-

210 2393 290 2451 tdico
310 2394 426 2465 pracsidio
445 2396 540 2451 servari
554 2396 657 2451 indicat.
693 2395 777 2450 Missa
792 2394 919 2466 extemplo
937 2413 1026 2449 manus

232 2490 289 2543 qua
301 2471 400 2527 hostem
413 2490 428 2527 a
439 2472 523 2528 fronte
535 2473 645 2539 eliceret,
655 2471 697 2527 alii
709 2472 753 2543 qni
764 2476 838 2543 terga
849 2471 1027 2544 circumgressi

208 2548 390 2606 erecluderent
409 2550 515 2605 humum
525 2573 533 2617 ;
552 2554 578 2606 et
598 2550 714 2621 utrisque
733 2548 815 2604 adlisit
840 2549 951 2604 fortuna
987 2548 1026 2604 Eo

230 2627 372 2699 promptior
384 2626 469 2682 Caesar
487 2628 571 2699 pergit
589 2627 724 2692 introrsus,
741 2626 886 2697 populatum,
901 2626 1025 2681 exscindit

229 2722 282 2759 non
295 2723 385 2760 ausum
397 2703 517 2776 congredi
528 2705 628 2759 hostem
641 2708 693 2770 aut,
702 2703 784 2759 sicubi
792 2704 929 2769 restiterat,
938 2704 1026 2759 statim

229 2782 339 2853 pulsum,
349 2800 396 2838 nec
408 2800 520 2853 unquam
531 2781 620 2853 magis,
630 2787 661 2835 ut
674 2800 706 2836 ex
718 2780 825 2851 captivis
834 2780 966 2851 cognitum
977 2786 1025 2847 est,

208 2865 371 2931 tpaventem.
403 2861 503 2931 Quippe
514 2858 623 2913 invictos
633 2863 660 2913 et
669 2858 745 2913 nullis
757 2857 858 2912 casibus
869 2858 1024 2928 superabiles

229 2936 358 2994 Romanos
370 2936 548 3010 predicabant,
560 2936 604 3007 qui
622 2936 721 3007 perdita
732 2934 820 3002 classe,
831 2934 930 2991 amissis
941 2934 1025 3003 armis,
1135 2965 1136 3002 3
