2550 3500
197 467 215 506 A
232 465 253 506 D
270 466 313 516 m
420 399 616 450 ANNALlUM
637 402 658 449 l.
671 403 772 448 m-sa.
964 401 994 450 21

196 535 249 586 qua
261 517 311 570 alia
323 533 433 586 praeseus
445 533 509 570 osus
527 515 661 579 indixerat,
678 513 728 585 ipsi
744 511 928 585 partiebantur.
963 512 1018 568 Id?

195 595 321 648 militares
339 593 436 648 animos
451 593 527 646 altius
546 592 749 663 conjectantibus
763 591 918 661 precipuum
933 590 997 645 indi-

195 671 267 726 cium
279 671 365 741 magni
377 673 454 741 atque
470 670 635 741 implacabilis
650 675 744 734 motus,
763 668 831 739 quod
847 687 930 739 neque
947 668 997 723 dis·

192 749 267 822 jacti,
286 748 323 802 nil
341 767 479 819 paucorum
499 749 631 814 instinctu,
647 748 692 803 sed
712 749 807 819 pariter
827 747 995 813 ardescerent,

195 828 294 899 pariter
312 825 424 892 silerent,
436 829 509 881 tauta
527 827 673 898 equalitate
690 833 717 882 et
734 825 879 882 constantia
894 833 924 880 nt
941 825 997 898 regi

196 903 324 960 crederes.

232 983 339 1037 Interea
357 981 507 1036 Germanico
526 1000 571 1052 per
593 981 695 1048 Gallias,
715 983 746 1036 ut
766 980 884 1045 diximm,
905 981 1041 1036 census83

196 1059 334 1131 accipienti
345 1059 484 1114 excessisse
497 1059 646 1130 Augustum
658 1059 780 1114 adfertur.
816 1059 927 1129 Neptem
939 1058 1019 1128 ejma

196 1137 367 1208 Agrippinam
378 1137 406 1190 in
418 1137 579 1192 matrimonio
591 1138 728 1208 pluresque
746 1155 779 1192 ex
796 1155 827 1190 ea
842 1136 934 1191 liberos
952 1137 996 1190 ha-

197 1214 283 1270 bebat.
320 1215 381 1286 Ipse
404 1215 492 1270 Druso
516 1215 596 1269 fratre
619 1215 715 1270 Tiberii
738 1216 850 1287 genitus,
870 1217 1018 1285 Augustoet

197 1311 297 1364 nepos;
316 1291 362 1347 sed
378 1293 470 1347 anxius
487 1291 593 1348 occultis
605 1293 633 1347 in
645 1312 673 1348 se
688 1293 776 1364 patrui
793 1293 905 1362 aviaeque
921 1292 994 1357 odiis,

198 1389 307 1441 quorum
329 1387 411 1426 cause
432 1369 548 1436 acriores,
569 1371 629 1442 quia
649 1371 750 1441 iniquae.
790 1370 892 1440 Quippe
915 1369 1020 1424 Dunia

198 1465 292 1519 magua
310 1447 378 1518 apud
393 1448 514 1518 populum
530 1447 675 1502 Romanum
692 1447 818 1512 memoria,
836 1446 995 1502 credebatur·

199 1543 256 1596 que,
265 1525 288 1578 si
299 1543 384 1579 rerum
397 1526 495 1595 potitus
507 1524 581 1590 foret,
590 1525 735 1580 libertatem
747 1524 892 1578 redditurus
902 1547 910 1590 3
928 1523 996 1579 unde

198 1603 226 1656 in
242 1601 421 1656 Germanicum
440 1601 512 1656 lavor
528 1608 554 1656 et
573 1621 631 1673 spes
646 1602 742 1656 eadem.
779 1602 847 1655 Nam
863 1601 951 1672 juveni
963 1602 1017 1657 cit

198 1679 248 1734 vile
264 1679 402 1752 ingenium,
419 1679 483 1734 mira
504 1679 609 1734 comitas
631 1689 659 1734 et
678 1679 778 1734 diversa
798 1695 813 1733 a
831 1679 924 1734 Tiberii
944 1697 995 1733 ser-

198 1776 281 1823 mone,
306 1757 387 1823 rultu,
411 1758 589 1829 arrogantibus
613 1764 640 1813 et
664 1758 785 1813 obscuris.
833 1756 1018 1812 Accedebaut6

198 1835 334 1891 muliebres
346 1834 504 1900 offemiones,
518 1836 693 1891 novercalibus
702 1836 783 1891 Liviae
792 1836 819 1890 iu
828 1835 996 1907 Agrippinam

199 1913 327 1978 stimulis,
345 1918 422 1982 atque
440 1912 496 1983 ipse
516 1914 659 1984 Agrippina
679 1914 754 1985 paulo
772 1914 928 1978 commotior,
945 1912 996 1968 nisi

199 1990 268 2061 quod
279 1990 397 2045 castitate
410 1992 436 2043 et
450 1990 534 2043 mariti
546 2008 630 2046 amore
643 1992 759 2063 quamvis
776 1990 929 2046 indomitum
944 1991 996 2045 eni·

199 2087 269 2123 mum
281 2068 308 2122 in
320 2066 415 2121 bouum
428 2068 551 2122 vertebat.

235 2144 286 2201 Sed
304 2144 469 2199 Germanicus
487 2150 582 2215 quanto
600 2164 706 2202 summae
723 2146 778 2218 spei
793 2146 904 2218 propior,
923 2148 996 2201 tanto
1004 2148 1041 2207 34

200 2224 338 2295 impensius
362 2240 408 2293 pro
432 2223 533 2278 Tiberio
557 2224 612 2279 niti
663 2226 793 2295 Sequanos
816 2226 945 2295 proximos
970 2229 997 2279 et

200 2302 338 2372 Belgarum
349 2300 467 2355 civitates
479 2300 507 2355 in
518 2301 596 2357 verba
607 2302 662 2373 ejus
674 2302 762 2374 adigit.
798 2302 899 2357 Dehinc
909 2302 1019 2362 auditos

199 2378 329 2450 legionum
347 2376 462 2432 tumultu
478 2379 571 2450 raptim
591 2381 729 2451 proiectus,
747 2380 835 2435 obvias
856 2385 929 2435 extra
943 2399 998 2435 cas·

199 2461 241 2511 tra
258 2454 356 2521 habuit,
376 2454 481 2525 dejectis
500 2456 639 2511 interram
657 2457 737 2512 oculis
754 2458 825 2512 velut
842 2459 997 2529 penitentia

200 2534 342 2603 Postquam
358 2532 452 2587 vallum
469 2533 535 2599 iniit,
555 2534 651 2589 dissoni
668 2547 774 2605 questus
792 2534 874 2590 audiri
891 2554 996 2606 coepere.

200 2612 235 2666 Et
252 2609 356 2682 quidam
372 2628 465 2679 prensa
480 2629 558 2665 manu
574 2613 629 2683 ejus
648 2630 694 2683 per
712 2613 820 2683 speciem
835 2611 1019 2667 exosculandit

200 2689 365 2744 inseruerunt
383 2686 485 2759 digitos,
498 2696 529 2744 nt
543 2708 621 2745 vacua
634 2690 753 2745 dentibus
766 2710 811 2745 ora
822 2692 997 2763 contingeret;

202 2767 244 2822 elii
261 2770 369 2821 curvate
388 2764 458 2820 senio
478 2767 590 2823 membra
610 2768 787 2823 ostendebant.
823 2769 1020 2823 Adsistentem4

202 2845 356 2909 concionem,
370 2842 430 2913 quia
441 2845 567 2915 permixta
583 2844 724 2910 videbatur,
738 2844 866 2901 discedere
877 2846 905 2899 in
921 2845 999 2899 mani·

203 2921 274 2992 pulos
291 2920 381 2993 jubet:
405 2920 443 2976 sic
460 2921 550 2977 melius
569 2921 702 2977 audituros
720 2940 886 2993 responsum
907 2922 1000 2975 vexilla

204 2998 323 3085 preferri,
344 3002 376 3053 ut
400 2996 428 3054 id
450 2998 541 3056 saltem
564 2998 720 3055 discerneret
743 3000 868 3053 cohortes.
917 2997 1020 3056 'lurdat
