2550 3500
296 377 344 423 262
628 381 747 432 raom

869 444 906 494 [A.
914 444 943 485 o.
951 445 974 485 c.
984 444 1029 493 sos,
1038 446 1086 486 soe.

295 494 397 585 modum
409 496 502 587 tircatri
513 500 651 556 multitudo
662 502 793 557 innumera
810 501 944 572 complevit
960 502 1086 572 proximis

275 578 1087 727 tttttttttttmltttttttttlutttlttt

296 728 385 795 procul
395 730 535 801 Agrippina
547 732 676 804 chlamyde
688 738 783 797 aurata,
796 731 944 803 praesedere.
980 733 1087 803 Pugna·

297 808 360 872 turn,
379 824 521 877 quanquam
540 808 606 863 inter
625 814 719 874 sontes,
734 810 839 863 fortium
854 809 964 864 virorum
981 810 1087 873 animo;

252 876 290 937 57
298 899 327 935 ac
339 888 396 951 post
408 884 516 939 multum
528 886 668 952 vulnerum,
677 885 799 941 occidioni
806 886 917 956 exempti
925 893 994 939 sunt.
1033 886 1087 940 Sed

297 958 409 1028 perlecto
433 963 575 1031 spectaculo
599 968 715 1034 apertum
737 980 859 1032 aquarum
881 962 938 1016 iter.
978 962 1087 1017 Incuria
1140 1019 1141 1026 ,

298 1036 380 1105 operis
392 1038 525 1093 manifesta
536 1039 593 1105 fuit,
607 1040 676 1095 haud
691 1039 753 1094 satis
768 1038 882 1109 depressi
899 1038 931 1092 ed
947 1037 1018 1093 lacus
1032 1040 1087 1093 ima
1140 1029 1142 1106 l

275 1111 338 1165 2vel
358 1112 446 1168 media.
482 1116 578 1187 quue,
598 1121 712 1187 tempore
731 1117 873 1187 interjecto,
898 1115 974 1169 altius
997 1115 1086 1169 effossi

299 1205 396 1257 specus
416 1197 442 1245 et
466 1194 643 1249 contrahendae
665 1212 754 1247 nnsus
777 1192 936 1246 multitudini
958 1191 1085 1263 gladiato-

298 1282 355 1317 rum
373 1269 544 1337 spectaeulum
555 1270 646 1335 editur,
660 1270 747 1325 inditis
759 1270 879 1340 pontibus
890 1268 1033 1341 pedestrem
1051 1269 1084 1323 ad

251 1408 253 1411 ¹
277 1352 415 1412 apugnam.
457 1346 564 1405 uuiaet
581 1347 723 1402 convivium
739 1347 837 1401 effluvio
852 1346 922 1401 lacus
938 1346 1084 1417 appositum

298 1436 389 1490 magna
400 1421 532 1477 formidine
544 1428 648 1479 cunctos
661 1424 751 1489 affecit,
765 1423 824 1493 quia
834 1424 873 1477 ris
885 1441 1007 1493 aquarum
1025 1442 1084 1494 pro-

298 1512 417 1567 rumpens
438 1500 551 1569 proxima
567 1500 692 1566 trahebat,
711 1500 837 1555 convolsis
854 1500 1017 1555 ulterioribus
1036 1503 1082 1555 aut
1140 1499 1142 1581 l

276 1572 397 1645 dfragore
409 1579 435 1630 et
447 1578 532 1632 sonitu
544 1578 678 1633 exterritis.
715 1577 795 1631 Simul
806 1577 953 1649 Agrippina,
971 1577 1083 1648 trepida-

298 1650 367 1705 tione
379 1652 497 1723 principis
509 1672 562 1720 usa,
575 1654 719 1709 ministrum
730 1654 812 1725 operis
825 1653 973 1708 Narcissum
982 1654 1082 1709 incusat

276 1728 421 1799 5cupidinis
434 1749 463 1786 ec
475 1730 633 1801 praedarum„
659 1732 715 1787 Nec
732 1731 774 1786 ifle
790 1731 887 1797 reticet,
906 1730 1083 1802 impotentiam

298 1805 444 1860 muliebrem
455 1808 593 1879 nimiasque
606 1827 663 1880 spes
675 1809 729 1881 ejus
741 1827 856 1880 arguens.

253 1880 291 1934 58
332 1882 365 1936 D.
374 1883 458 1950 Junio,
468 1884 500 1944 Q.
510 1885 619 1939 Haterio
631 1885 783 1954 consulibus,
793 1885 901 1940 sedecim
913 1903 993 1942 annos
1004 1890 1081 1941 natus

229 1959 292 2042 ⁸533?-
300 1959 370 2015 Nero
382 1961 512 2016 Octaviam
525 1961 630 2016 Caesaris
643 1962 720 2016 filiam
734 1963 762 2017 in
777 1963 963 2017 matrimonium
976 1965 1080 2035 accepit.
1140 2020 1141 2029 q

243 2061 291 2092 aa.
300 2038 387 2110 thue
399 2033 490 2094 studiis
498 2039 668 2110 honestis†et
677 2039 825 2110 eloquentie
834 2039 914 2110 gloria
922 2041 1080 2105 enitesceret,
1140 2098 1141 2103 ,

246 2101 278 2142 ⁶³·
298 2133 373 2171 causa
384 2117 515 2172 iliensium
527 2121 651 2189 suscepta,
664 2117 807 2171 Romanum
819 2117 895 2187 'lioja
906 2116 1042 2173 demissum
1054 2123 1081 2173 et
1140 2116 1141 2123 ’

296 2194 371 2250 Juliae
395 2195 480 2265 stirpis
504 2199 632 2250 auctorem
655 2195 762 2250 AEneem
785 2193 883 2264 aliaque
905 2194 973 2249 hand
992 2195 1081 2266 procul

296 2271 387 2326 fabulis
405 2276 492 2327 vetera
508 2271 614 2326 facunde
632 2275 761 2336 executus,
779 2274 909 2342 perpetrat
926 2276 956 2326 ut
974 2272 1080 2327 Hienses

208 2394 210 2398 .
276 2348 367 2404 temni
391 2349 492 2421 publico
518 2367 622 2404 munere
648 2349 812 2404 solverentur.
847 2347 945 2403 Eodem
972 2354 1079 2414 oratore,

298 2426 453 2480 Bononiensi
481 2427 584 2481 coloniae
608 2426 663 2497 igni
689 2425 786 2480 haustae
813 2424 966 2480 subventum
985 2427 1080 2481 centies

299 2503 410 2559 sestertii
421 2502 568 2574 largitione3
586 2503 701 2558 redditur
717 2501 825 2556 Rhodiis
840 2502 951 2568 libertas,
964 2502 1080 2574 adempta

299 2599 365 2652 saepe
381 2584 425 2635 eut
441 2581 546 2646 firmata,
565 2583 641 2651 prout
658 2579 729 2637 bellis
747 2580 858 2634 externis
874 2588 1018 2635 meruerant
1036 2587 1079 2636 aut

299 2658 367 2714 domi
392 2657 514 2712 seditione
542 2657 713 2728 deliquerant3
730 2657 906 2728 tributumque
933 2659 1080 2728 Apamensi-

299 2737 347 2792 bus
362 2738 437 2791 terrae
452 2738 525 2790 motu
538 2735 664 2793 oonudsis
681 2735 709 2790 in
724 2735 921 2807 quinquennium
938 2735 1078 2790 remissum.

254 2815 335 2870 59At
359 2813 478 2869 Claudius
502 2813 638 2868 saevissima
661 2831 766 2884 quaque
789 2829 903 2884 promere
920 2811 1080 2884 adigebatur

299 2891 410 2964 ejusdem
433 2891 579 2962 Agrippinae
602 2889 706 2958 artibus,
730 2908 785 2961 qnae
810 2889 937 2944 Statilium
960 2889 1078 2954 Taurum,

298 2971 388 3042 opibus
399 2969 531 3038 illustrem,
539 2968 620 3024 hortis
629 2968 683 3040 ejus
695 2968 793 3023 inhians
805 2967 934 3039 pervertit,
946 2973 1079 3026 accusante
