2550 3500
200 434 226 474 A·
238 434 322 482 Mt]
419 373 616 423 ANNALIUM
635 375 656 422 L
674 377 779 426 69-72.
969 379 999 425 48

235 485 296 538 Jam
308 485 452 552 Stertinius,
464 487 495 542 ud
508 487 679 558 accipiendum
690 489 717 543 in
725 487 876 543 deditionem
890 488 999 561 Segime-
1008 490 1045 544 71

198 579 260 616 rum
278 563 384 617 tratrem
401 565 514 636 Segestis
531 567 684 637 praemissus,
702 567 787 638 ipsum
804 567 926 621 etlilium
943 569 998 638 ejus

197 639 227 693 in
239 640 371 695 civitatem
383 642 509 698 Ubiorum
520 643 682 715 perduxerat.
718 644 787 697 Data
797 644 901 715 utrique
912 645 992 711 venia,
1006 655 1022 700 2

197 717 276 773 facile
298 719 434 790 Segimero,
457 721 619 776 cunctantius
637 721 697 786 filio,
720 721 780 792 quie
800 721 918 787 Quintilii
933 722 998 778 Vari

197 813 294 867 corpus
310 796 420 852 illusisse
438 797 575 854 dicebatur.
614 799 736 854 Ceterum
752 797 783 852 ad
802 798 942 870 supplendo
956 811 1021 857 err-t

197 873 297 929 ercitns
309 873 401 929 demna
415 881 544 931 certavere
560 876 656 942 Gallim,
669 875 810 948 Hispaniae,
828 876 911 943 Italia,
929 877 998 948 quod

197 951 292 1023 cuique
301 957 454 1024 promptum,
465 971 541 1019 arma,
550 972 636 1026 equos,
646 973 743 1018 aarum,
753 953 896 1009 offerentes.
927 955 1021 1014 Quo-4

196 1046 256 1084 rum
268 1029 372 1086 laudato
384 1031 469 1086 studio
482 1031 655 1097 Germanicus,
666 1032 742 1086 armis
753 1031 829 1087 modo
840 1039 867 1087 et
879 1033 951 1104 equis
963 1033 996 1089 ad

196 1105 295 1162 bellum
311 1109 427 1180 sumptis,
445 1110 548 1182 propria
558 1110 667 1182 pecunia
677 1110 784 1165 militem
794 1109 870 1182 juvit.
907 1111 1021 1182 thue5

195 1184 278 1240 cladis
290 1186 436 1242 memoriam
452 1188 529 1242 etiam
546 1188 666 1243 comitate
679 1187 779 1253 leniret,
793 1187 926 1243 cimumim
939 1206 996 1244 seu-

195 1263 259 1329 cios,
273 1263 342 1318 fecte
353 1264 509 1336 singulorum
525 1265 646 1320 extollere
653 1287 661 1332 ;
678 1265 785 1320 vulnera
799 1265 902 1321 intuens
919 1265 996 1322 alium

195 1358 250 1411 spe,
271 1340 348 1395 aliurn
364 1341 451 1414 gloria,
468 1347 574 1400 cunctus
590 1342 708 1414 adloquio
725 1347 752 1398 et
770 1360 833 1398 oure
850 1343 950 1415 sibique
967 1348 995 1400 et

194 1417 287 1489 proelio
299 1418 424 1475 firmabat.
967 1433 972 1443 '

231 1495 344 1551 Decreta
362 1515 392 1552 eo
404 1515 470 1553 anno
483 1497 648 1568 triumphalia
662 1497 772 1569 insignia
787 1499 820 1553 A.
834 1497 948 1564 Oaecinae,
961 1498 993 1554 L.
1003 1497 1040 1556 ⁷9

195 1573 320 1644 Apronio,
331 1574 360 1629 Ο.
371 1575 439 1640 Silio,
453 1575 485 1630 ob
494 1593 535 1630 res
543 1593 600 1630 cnm
610 1575 862 1647 Germaniccgestas.
892 1575 1017 1632 Nemone

194 1651 288 1706 Patras
296 1655 389 1722 patric
399 1653 523 1718 Tiberius,
537 1652 657 1724 apopulo
669 1652 763 1724 saepius
775 1653 911 1725 ingestum,
920 1672 994 1725 repn-

195 1727 290 1797 diarit;
314 1749 397 1803 neque
420 1731 448 1787 in
465 1733 523 1787 eote
540 1749 587 1785 sue
600 1730 691 1802 jurari,
711 1750 855 1802 quanquam
873 1735 994 1788 censente

194 1811 294 1873 senatu,
312 1809 435 1881 permisit,
451 1812 543 1864 cuncta
559 1808 706 1863 mortalium
721 1808 826 1875 incerta,
846 1814 992 1881 quantoque

194 1883 253 1955 plus
268 1884 375 1957 adeptus
390 1887 464 1952 foret,
480 1890 553 1941 tanto
571 1904 598 1940 se
614 1886 696 1957 magis
712 1886 847 1942 inlubrico
864 1887 992 1943 dictitans.

194 1961 257 2016 Non
265 1966 352 2019 tamen
360 1963 417 2019 ideo
429 1962 537 2019 faciebat
548 1961 622 2017 fidem
637 1962 718 2017 civilis
730 1963 821 2018 enimi:
839 1982 897 2019 nem
909 1964 1015 2036 legeuit

192 2039 336 2110 majestatis
359 2038 512 2107 reduxerat;
530 2039 572 2095 cui
590 2058 683 2095 nomen
705 2040 774 2110 apud
796 2044 895 2096 veteres
914 2041 990 2109 idem,

193 2110 240 2171 sed
251 2116 300 2171 alia
311 2118 337 2172 in
346 2118 470 2189 judicium
483 2116 635 2183 veniebant3
656 2117 679 2171 ei
696 2117 753 2188 quis
765 2116 907 2188 proditione
922 2137 993 2175 exer·
1011 2117 1018 2129 ‘

192 2194 274 2249 citum
291 2198 336 2249 aut
352 2195 450 2267 plebem
468 2192 642 2259 seditionibus,
662 2194 770 2266 denique
787 2194 852 2251 mule
870 2200 990 2267 gestare

191 2270 294 2343 publica
314 2272 473 2345 majestatem
490 2270 578 2343 populi
595 2271 715 2337 Romani,
733 2272 874 2327 minuisset.
910 2273 990 2329 Facta

192 2348 372 2421 arguebantur,
391 2349 460 2405 dicta
482 2348 585 2419 impune
604 2353 684 2403 eraut.
733 2348 834 2404 Primus
852 2351 1014 2423 Angustust
1039 2394 1044 2404 ,

190 2425 516 2498 cognitionemdefamosis
525 2424 709 2495 libellisspecie
719 2425 783 2497 legis
793 2426 848 2499 ejns
858 2429 989 2505 tractavit,

190 2507 333 2559 commotus
351 2504 433 2560 Cassii
451 2503 538 2559 Severi
552 2502 664 2569 libidine,
679 2522 729 2574 que
744 2504 812 2559 viros
830 2504 988 2577 feminasque

189 2581 303 2637 illustres
325 2582 474 2653 pmcacibns
498 2580 599 2652 scriptis
623 2579 812 2637 diffamaverat:
831 2600 891 2637 mox
913 2584 987 2639 'libe

189 2659 251 2726 rius,
270 2659 431 2715 consultante
454 2658 575 2729 Pompeio
598 2658 689 2713 Macro
712 2662 820 2729 praetore
839 2678 872 2714 an
889 2660 986 2732 judicie

190 2738 331 2807 niejestatis
342 2736 516 2801 redderentur,
530 2734 682 2791 exercendas
694 2734 764 2808 leges
775 2755 831 2792 esee
846 2737 984 2809 respondit.

191 2815 270 2870 Hunc
293 2833 394 2887 quoque
415 2831 563 2886 asperavere
581 2812 694 2867 carmine
712 2812 817 2869 incertis
838 2814 1009 2871 auctoribuse

191 2892 294 2965 vulgate
311 2893 338 2948 in
359 2892 482 2948 sevitiam
502 2890 696 2963 superbiamque
716 2891 779 2963 ejus,
799 2895 826 2947 et
841 2890 984 2947 discordem

193 2988 248 3026 cum
259 2974 339 3027 matre
351 2972 471 3027 animum.
