2550 3500
198 466 218 504 A
237 464 255 502 D
274 462 316 510 28]
409 400 604 449 ANNALIUM
623 400 667 448 IV.
686 400 789 450 73-75.
945 400 991 452 177

195 514 285 567 durior
303 530 461 584 congressus,
481 516 557 584 atque
576 530 605 567 eo
617 532 663 583 per
680 512 803 567 ambitum
821 518 849 566 et
866 513 990 568 societate

195 588 360 646 consiliorum
371 589 514 660 parabatur.
553 590 620 644 Satis
633 590 767 644 eonstabat
780 593 879 643 auctum
891 590 915 644 ei
924 600 1014 646 arro-t

127 714 128 723 ,
193 667 317 739 gantiam,
330 666 423 721 ioedum
436 666 499 721 iilud
511 668 537 721 in
555 668 689 739 propatulo
708 667 839 721 servitium
856 668 989 737 spectanti.

127 750 128 755 ’
194 744 300 815 Quippe
321 745 409 799 Romae
429 744 496 799 sueti
515 744 652 809 discursus,
675 748 701 799 et
721 744 897 815 magnitudine
920 745 1013 802 urbisd

192 823 321 878 incertum
336 821 404 893 quod
416 821 521 893 quisque
533 821 565 877 ad
576 822 706 893 negotium
724 829 830 894 pergat:
849 822 885 877 ibi
903 841 990 894 eampo

193 902 241 953 aut
261 896 335 953 litore
350 898 463 969 jacentes
482 898 552 953 nullo
574 898 725 965 discrimine,
749 904 850 954 noctem
874 918 903 955 ae
921 899 990 955 'diem

189 976 269 1048 juxta
277 976 385 1047 gratiam
398 980 443 1029 aut
451 975 533 1031 fastus
540 976 679 1049 janitorum
687 976 900 1048 perpetiebantur,
910 976 990 1033 donee

191 1052 222 1108 id
234 1070 335 1124 quoque
347 1052 463 1118 vetitum,
481 1057 507 1107 et
525 1072 645 1108 revenere
659 1053 687 1107 in
702 1053 791 1108 urbem
806 1054 906 1125 trepidi,
924 1073 989 1125 quos

191 1148 247 1185 non
271 1146 393 1195 sermone,
415 1146 468 1184 uon
490 1129 548 1185 visu
568 1129 688 1203 diguatus
712 1134 784 1197 erat3
803 1130 905 1202 quidem
924 1131 990 1187 mule

192 1206 298 1276 alacres,
326 1207 418 1277 quibus
445 1206 563 1262 infaustae
586 1207 703 1262 amicitie
726 1207 810 1279 gravis
834 1208 919 1263 exitus
942 1208 988 1263 im·

191 1283 315 1339 minebat.
353 1284 475 1339 Ceterum
486 1284 603 1339 Tiberius
618 1288 721 1355 neptem
735 1284 909 1355 Agrippinam,
929 1286 989 1340 Ger·
998 1287 1033 1345 75

191 1361 293 1417 manico
314 1364 404 1429 ortam,
423 1379 580 1416 cumeorum
596 1361 770 1419 GnDomitio
788 1360 942 1427 tradidisset,
962 1362 990 1417 in

191 1438 259 1494 urbe
279 1437 399 1494 celebrari
417 1438 520 1511 nuptias
535 1439 620 1510 jussit.
656 1439 691 1494 In
710 1438 832 1504 Domitio,
852 1456 929 1509 super
948 1448 1011 1495 ve-2

191 1518 319 1571 tustetem
343 1516 451 1586 generis,
476 1516 646 1587 propinquum
675 1514 817 1570 Caesaribus
841 1514 989 1586 sauguinem

192 1592 339 1664 delegerat:
352 1611 410 1647 nam
418 1592 440 1647 is
448 1592 530 1647 aviam
542 1592 682 1660 Octavium,
693 1596 719 1648 et
726 1611 772 1664 per
780 1610 834 1647 eam
842 1594 989 1664 Augustum

193 1668 356 1740 avunculum,
368 1669 526 1742 preferebat.
