2550 3500
223 419 242 457 A
257 417 276 456 D
292 416 334 464 σε]
421 348 616 399 ΛΝΝΔΒΙΙΙΜ
633 346 689 398 XV.
707 350 810 398 cl-oe.
964 347 1010 399 ³71

222 467 366 523 cubiculum
384 463 526 520 absoedere.
561 463 597 519 llt
612 462 750 518 novissimo
767 476 867 533 quoqne
882 462 1033 520 momento?

223 544 401 615 suppeditante
413 541 563 613 eloquentia,
577 541 705 595 advocatis
715 538 881 611 scriptoribus
892 538 1011 609 pleraque

222 622 335 686 tradidit,
360 639 417 692 qum
440 620 468 675 in
490 619 582 691 vulgus
607 619 677 673 edita
700 619 755 689 ejus
779 616 863 673 verbis
885 617 1011 671 invertere

223 698 383 770 supersedeo.
401 699 437 752 At
451 697 520 751 Nero
529 696 599 751 nullo
610 696 638 751 in
649 696 781 751 Paulinam
793 695 894 767 proprio
906 694 970 759 odio,
982 710 1011 749 ac
1018 697 1056 754 64

222 794 256 831 ne
274 775 393 847 glisceret
412 774 508 829 invidie
526 773 691 839 crudelitatis,
707 772 802 844 †jubet
817 771 924 827 inhiberi
946 789 1011 825 mor·
1136 804 1137 811 ι

224 857 285 908 tem.
322 852 494 908 Hortantibus
511 850 635 906 militibus
659 850 727 906 servi
746 850 880 921 libertique
898 849 1011 920 obligant
1137 904 1138 911 ,

222 932 332 998 brachia,
345 937 463 1004 premunt
474 932 630 1003 sanguinem,
643 931 767 986 incertum
780 949 813 986 an
823 931 924 1002 ignara.
944 930 1034 989 Nema
1138 969 1139 985 ι

222 1017 254 1067 ut
265 1016 306 1067 est
317 1012 409 1084 vulgus
425 1011 458 1065 ad
475 1011 601 1066 deteriora
615 1014 770 1081 promptum,
781 1028 833 1065 non
849 1010 951 1065 deluere
968 1010 1013 1081 qui

223 1088 363 1154 crederent,
382 1088 462 1144 donec
481 1088 664 1159 implacabilem
684 1088 813 1142 Neronem
834 1086 955 1153 timuerit,
977 1088 1012 1141 l-

222 1184 290 1221 mam
308 1167 409 1221 sociata
426 1182 485 1221 cum
498 1166 590 1220 marito
609 1166 699 1220 mortis
718 1164 845 1236 petivisse,
860 1164 950 1221 deinde
967 1164 1012 1219 ob-

221 1244 275 1299 lata
288 1245 387 1299 mitiore
399 1262 444 1315 spe
455 1242 634 1299 blandimentis
646 1244 705 1299 vitae
717 1242 840 1310 evictam;
862 1243 904 1298 cui
916 1239 1012 1297 addidit

221 1338 316 1393 panem
331 1325 422 1394 postea
432 1338 519 1387 annos,
537 1321 658 1376 laudabili
674 1322 702 1375 in
713 1320 832 1375 maritum
846 1322 972 1389 memoria,
985 1325 1011 1375 et

133 1397 134 1420 ¹
220 1418 265 1454 ore
278 1416 307 1454 ac
318 1399 437 1454 membris
450 1399 477 1453 in
488 1417 547 1454 eum
559 1399 680 1470 pallorem
692 1397 844 1463 albentibus,
856 1402 887 1453 ut
898 1398 1012 1453 ostentui

221 1480 290 1531 esset
301 1476 411 1531 multum
422 1476 507 1532 vitalis
519 1476 624 1547 spiritus
632 1480 757 1547 egestum.
795 1476 890 1530 Seneca
901 1476 1033 1544 interime

221 1552 330 1609 durante
340 1557 427 1609 tractu
438 1558 465 1608 et
476 1553 628 1609 lentitudine
639 1553 737 1618 mortis,
754 1553 863 1607 Statium
876 1554 1009 1619 danaum,

221 1629 266 1685 diu
278 1630 326 1685 sibi
338 1630 455 1685 amicitie
468 1630 518 1685 fide
536 1635 562 1686 et
574 1635 629 1685 arte
647 1630 777 1685 medicina
790 1629 932 1700 probatum,
945 1635 1009 1697 orat,

220 1708 350 1780 provisum
362 1708 459 1780 pridem
473 1725 671 1780 venenumque
687 1707 799 1764 damnati
815 1706 916 1780 publico
930 1708 1011 1764 Athe·

220 1786 346 1842 niensium
355 1787 451 1858 judicio
463 1787 684 1859 extinguerentur,
695 1791 822 1858 promeret
832 1807 839 1852 ;
857 1785 1010 1858 allatumque

220 1862 307 1919 bausit
329 1864 432 1930 mser,
457 1864 565 1936 frigidus
586 1865 640 1936 jam
664 1869 743 1930 artus,
765 1869 792 1920 et
813 1865 883 1920 cluso
906 1883 1010 1936 corpore

221 1940 354 1996 adversum
366 1941 418 1996 vim
429 1941 527 1997 veneni.
562 1942 697 1997 Postremo
709 1947 828 2014 stagnum
840 1941 926 1997 calidae
939 1955 1033 2013 aquaee

220 2018 327 2084 introiit,
348 2037 498 2091 respergens
519 2019 647 2090 pmximos
672 2037 809 2084 servorum,
834 2017 920 2074 addita
939 2037 1008 2084 voce,

220 2095 299 2150 bbere
311 2115 340 2151 se
351 2095 475 2167 liquorem
490 2095 562 2151 illum
574 2096 634 2151 Jovi
653 2096 803 2151 Liberatom'.
837 2095 905 2149 llriu
920 2095 1031 2156 balneos

219 2172 313 2238 illatus,
338 2176 366 2227 et
387 2191 480 2244 vapore
499 2173 554 2244 ejus
576 2173 743 2238 exanimatus,
765 2173 820 2226 sine
840 2171 892 2228 ullo
912 2172 1009 2228 funeris

220 2249 335 2306 sollemni
353 2256 487 2305 crematur.
523 2250 567 2305 Ita
584 2247 707 2305 codicillis
731 2249 926 2321 praescripserat,
951 2257 1032 2306 cumo

219 2327 371 2383 etiamtum
389 2327 511 2397 predives
528 2330 556 2382 et
576 2331 718 2398 praepotens
737 2326 861 2398 supremis
880 2327 932 2382 suis
951 2345 1010 2384 con-

140 2418 141 2505 ι
219 2405 323 2460 suleret.
348 2403 427 2458 Fama
437 2405 487 2460 fuit
500 2403 621 2459 Subrium
632 2403 738 2458 Flavum
751 2421 808 2458 curn
820 2403 1010 2461 centurionibus
1017 2409 1054 2465 65

219 2482 321 2537 occulto
336 2483 448 2548 consilio,
464 2501 547 2554 neque
562 2486 649 2537 tamen
663 2481 796 2554 ignorante
813 2483 915 2550 Seneca,
933 2483 1011 2539 desti-

219 2561 328 2625 navisse,
343 2565 375 2615 ab
390 2565 449 2632 post
467 2561 577 2616 occisum
595 2578 672 2632 opera
687 2559 787 2615 Pisonis
805 2559 933 2616 Neronem
950 2561 1010 2618 Piso

221 2656 323 2710 quoque
334 2638 526 2704 interficeretur,
539 2637 733 2709 tradereturque
750 2638 883 2710 imperium
901 2639 1009 2705 Senecae,

220 2716 295 2788 quasi
305 2715 448 2770 insontibus
461 2715 611 2770 claritudine
620 2715 746 2770 virtutum
758 2713 791 2770 ad
802 2733 928 2771 summum
940 2715 1011 2771 lasti·

220 2793 292 2865 gium
310 2791 415 2848 deiecto.
452 2792 523 2852 Quin
540 2797 567 2847 et
583 2791 662 2848 verba
676 2791 748 2848 llari
764 2791 940 2866 mulgebantur,
959 2803 1032 2848 non2

220 2870 317 2927 referre
327 2869 452 2936 dedecori,
465 2871 488 2926 si
504 2868 658 2926 citharedus
676 2869 853 2928 demoveretur
868 2873 895 2926 et
916 2873 1010 2943 bago-
