2550 3500
426 369 622 417 ANNALIUM
642 367 670 414 V·
687 367 774 414 4—10.
954 376 997 423 181

209 432 237 490 a.
248 430 274 469 n.
285 430 376 481 ro-an]

207 482 332 551 singulos,
358 484 388 536 ut
417 481 509 551 cuique
539 482 665 549 assistere,
690 482 790 553 alloqui,
815 484 913 539 animus
936 491 999 552 erat,

204 558 321 613 retinens
335 563 379 613 aut
397 558 535 625 dimittens,
549 566 647 630 partem
662 560 713 616 diei
730 561 887 633 absumpsit3
908 564 1001 618 multo·

128 680 129 703 ,
206 652 258 705 que
281 634 362 690 adbuo
386 640 461 702 eoetu,
482 641 508 691 et
532 638 630 693 eunetis
649 638 804 709 intrepidum
824 640 924 694 vrrltum
945 641 1000 711 ejus

128 704 129 715 ¹
205 711 391 782 spectantibus,
411 732 469 768 eum
487 732 618 784 superesse
636 719 736 787 tempus
754 717 898 772 novissimis
915 718 1000 772 orode·

203 792 274 854 rent,
298 789 390 860 gladio,
412 808 487 861 quem
507 792 565 846 sinu
586 792 725 858 abdiderat,
747 793 871 849 incubuit.
907 795 1023 865 Neque2

205 866 295 921 Osesar
305 866 364 922 ullis
377 867 524 923 criminibus
536 872 581 923 aut
588 869 688 940 probris
700 870 848 925 defunctum
859 872 999 928 insectatus

206 952 257 1009 est,
271 962 329 998 eum
340 944 368 999 in
383 944 496 999 Blaesum
508 946 588 999 multa
605 946 722 1018 ioedaque
740 948 914 1003 incusavisset.
948 948 1026 1005 Rea

203 1021 290 1077 latum
301 1021 361 1077 inde
372 1022 404 1077 de
413 1024 443 1077 P.
451 1023 557 1078 Vitellio
569 1028 596 1079 et
608 1025 748 1098 Pomponio
761 1026 884 1081 Secundo.
921 1028 999 1083 Illum

202 1098 304 1155 indices
326 1099 466 1171 arguebant
484 1100 595 1156 claustra
613 1102 703 1168 aerarii,
722 1104 763 1157 oui
781 1103 916 1174 praefeotus
934 1110 997 1171 erat,

204 1180 234 1231 et
255 1176 391 1231 militarem
411 1178 544 1247 pecuniam
564 1179 641 1235 rebus
659 1180 731 1235 novis
749 1180 888 1248 obtulisse3
906 1182 999 1237 huioa

203 1254 329 1309 Considio
346 1257 457 1325 praetura
473 1254 562 1310 iunoto
581 1255 757 1327 objectabatur
774 1259 836 1313 AElii
854 1259 920 1314 Galli
936 1260 998 1315 ami·

203 1334 276 1401 oilia,
300 1330 344 1401 qui
368 1331 458 1403 punito
483 1332 572 1403 Sejano
601 1334 629 1389 in
652 1334 740 1389 hortos
762 1335 898 1406 Pomponii
926 1338 999 1407 qussi

202 1412 358 1467 fidissimum
381 1410 414 1466 ad
438 1410 578 1467 subsidium
603 1412 766 1483 perfugisset.
814 1414 906 1483 Neque
929 1414 1021 1471 aliud2

202 1488 408 1561 periclitantibus
425 1488 511 1543 auxilii
523 1507 599 1559 quem
613 1489 642 1543 in
658 1489 767 1544 fratrum
785 1491 928 1545 constantia
938 1491 988 1545 suit

204 1567 251 1637 qui
263 1567 340 1621 vades
353 1567 468 1622 extitere.
504 1566 569 1621 Mox
581 1565 677 1621 crebris
690 1566 873 1637 prolationibus
885 1586 956 1638 spem
968 1580 1021 1625 sos

203 1648 304 1699 metum
322 1643 398 1715 juxta
417 1647 538 1716 gravatus
562 1644 690 1709 Vitellius,
715 1644 796 1715 petito
819 1662 865 1715 per
888 1645 996 1722 speeiem

204 1720 351 1777 studiorum
366 1721 463 1794 scalpro
479 1722 560 1778 levem
573 1722 653 1777 lotum
669 1722 740 1777 venis
756 1721 851 1788 intulit,
868 1722 997 1794 vitamque

204 1799 358 1871 aegritudine
371 1799 448 1854 animi
459 1799 548 1854 finivit.
584 1801 621 1854 At
632 1799 796 1871 Pomponius,
808 1801 889 1855 multa
897 1811 1020 1858 moruml

204 1877 334 1948 elegantia
351 1881 378 1932 et
395 1877 497 1946 ingenio
515 1876 615 1942 illustri,
635 1875 696 1930 dum
719 1876 848 1932 adversam
868 1878 996 1932 fortunam

204 1971 297 2024 aequus
314 1953 414 2019 tolerat,
427 1951 528 2010 Tiberio
546 1957 675 2024 superstes
692 1953 748 2008 fuir.
784 1954 910 2010 Plnoitum
928 1959 1023 2026 post9

203 2029 255 2084 bae
273 2032 303 2084 ut
319 2029 348 2084 in
364 2028 474 2100 reliquos
498 2029 584 2100 Sejani
601 2029 694 2085 liberos
715 2031 897 2098 adverteretur,
909 2050 997 2086 vanes-

204 2111 282 2163 eente
306 2110 450 2179 quanbuam
472 2106 552 2179 plebis
575 2107 620 2173 ira,
646 2126 676 2162 ao
695 2109 822 2178 plerisque
844 2127 891 2179 per
912 2108 998 2180 priora

204 2186 331 2257 supplicia
347 2186 439 2242 lenitis.
475 2185 561 2258 Igitur
578 2188 713 2256 portantur
729 2186 757 2240 in
773 2203 905 2250 osroerem,
929 2185 1019 2242 filius2

128 2287 129 2294 ¹
203 2263 392 2319 imminentium
409 2263 561 2335 intelligens,
574 2263 659 2335 puella
669 2263 732 2317 adeo
749 2263 842 2327 neseio,
860 2267 891 2316 ut
908 2261 996 2317 erebro

203 2341 376 2412 interrogaret
400 2341 468 2412 quod
497 2341 530 2396 ob
554 2340 683 2405 delictum,
709 2344 735 2394 et
760 2357 810 2410 quo
834 2339 995 2407 traheretur;

203 2436 290 2488 neque
312 2418 437 2473 facturam
467 2418 542 2483 ultra,
567 2421 594 2472 et
623 2435 700 2489 posse
725 2435 753 2471 se
779 2416 869 2488 puerili
892 2417 996 2474 verbere

203 2495 311 2550 moneri.
347 2495 462 2550 ibellum
478 2495 601 2566 temporis
619 2495 675 2566 ejus
693 2495 891 2566 auctoresque
907 2497 1020 2558 trium-3

202 2572 279 2628 viruli
303 2573 426 2643 supplioio
450 2573 517 2637 affici
534 2573 659 2643 virginem
681 2571 825 2627 inauditum
847 2573 995 2640 habebatur,
1015 2615 1018 2620 -

203 2667 220 2704 a
243 2650 361 2704 carnifice
384 2649 502 2720 laqueum
523 2649 598 2722 juxta
621 2647 807 2721 oorffpressam3
834 2651 893 2705 exin
910 2651 996 2706 oblisis

203 2727 322 2781 iaueibus
336 2727 361 2780 id
373 2727 456 2781 statis
468 2745 574 2798 corpora
585 2727 612 2782 in
625 2728 759 2782 Gemonias
771 2727 877 2799 abjecta.

241 2805 291 2858 Per
303 2803 370 2858 idem
385 2809 486 2874 tempus
507 2805 566 2858 Asia
583 2809 660 2876 atque
677 2805 774 2860 Achaia
790 2806 918 2860 exterritae
935 2807 1044 2864 sunt10

205 2881 259 2935 aori
271 2881 353 2952 magis
373 2900 448 2951 quam
466 2880 587 2936 diuturno
604 2901 713 2948 rumore,
726 2883 841 2937 Drusum
854 2881 997 2936 Germanici

205 2959 286 3014 iillum
299 2958 367 3029 apud
379 2958 501 3031 Cycladas
513 2959 615 3026 insulas,
627 2979 688 3015 mox
702 2960 730 3014 in
745 2959 892 3022 continenti,
905 2957 996 3013 visum.
