2550 3500
173 456 201 493 A,
212 456 238 494 D.
248 454 290 503 m
376 392 572 441 ANNALIUM
590 394 633 441 IV.
652 394 756 442 62-67.
919 392 963 443 171

169 510 263 575 paratus
281 504 457 573 appellaretur,
469 504 570 576 quando
582 506 682 561 eunctis
694 506 789 560 choum
799 504 966 575 flagrantibus

174 582 229 635 sola
241 580 337 635 'liberii
348 582 450 653 effigies,
464 584 515 637 sita
525 583 553 636 in
564 584 638 637 domo
651 583 723 636 Junii
737 582 868 646 senatoris,
887 582 967 635 invio-

173 658 227 712 lata
239 658 382 712 mansisset.
413 659 535 714 Evenisse
547 660 574 714 id
585 660 646 715 olim
658 659 769 715 Claudia
779 660 888 725 Quinte,
901 659 989 729 ejus-4

133 788 134 797 ἦ
174 754 224 806 que
249 740 362 789 statuam
381 735 432 790 vim
451 736 549 808 ignium
572 737 611 791 bis
635 737 746 808 elapsam
769 737 876 807 majores
900 735 968 806 apud

173 812 255 867 aedem
267 812 357 866 matris
370 812 447 867 deum
459 815 652 869 consecravisse.
683 815 790 868 Sanctus
802 817 990 883 acceptosquet

173 888 323 943 numinibus
353 889 480 955 Claudios,
506 895 532 945 et
556 890 698 963 aagendam
722 890 889 946 caerimoniam
913 890 968 945 loco

173 968 201 1021 in
220 984 273 1037 quo
292 972 393 1021 tantum
411 967 437 1021 in
455 968 593 1039 principem
612 969 733 1023 honorem
750 968 778 1021 di
797 968 967 1022 ostenderent.

173 1042 256 1099 Haud
282 1042 361 1097 fuerit
389 1043 526 1098 absurdum
553 1044 653 1099 tradere
679 1049 790 1099 montem
820 1063 879 1099 eum
906 1044 1014 1102 anti-65

173 1122 264 1191 quitus
286 1122 507 1190 Querquetulanum
528 1126 696 1193 cognomento
716 1122 803 1186 fuisse,
825 1121 893 1192 quod
910 1121 969 1176 talis

173 1197 246 1251 silvae
258 1196 379 1266 frequens
392 1196 565 1269 fecundusque
577 1202 639 1263 erat,
653 1216 713 1252 mox
727 1199 828 1252 Cultum
841 1198 970 1269 appellite·

172 1282 232 1329 turn
245 1292 261 1327 a
274 1273 342 1327 Caele
353 1272 478 1340 Vibenna‚
492 1274 536 1345 qui
548 1274 601 1329 dux
612 1275 697 1347 gentis
709 1275 825 1330 Etrusca
834 1294 891 1329 cum
902 1276 970 1329 auxi·

171 1352 240 1405 lium
252 1349 363 1417 tuhsset,
376 1350 461 1405 sedern
473 1370 527 1405 eam
541 1359 672 1420 acceperat
688 1370 704 1405 a
720 1352 857 1422 Tarquinio
872 1352 969 1417 Prisco,

171 1448 221 1483 seu
236 1427 294 1498 quis
312 1427 377 1503 alius
392 1446 482 1499 regum
499 1428 583 1483 dedit:
602 1446 661 1481 narn
678 1429 814 1498 scriptores
832 1428 859 1482 in
874 1447 904 1483 eo
922 1428 971 1482 dis-

171 1505 302 1560 sentiunt.
339 1504 432 1559 Cetera
442 1523 494 1559 nou
507 1505 624 1576 ambigua
636 1509 704 1570 sunt,
718 1523 822 1575 magnas
834 1524 877 1559 eas
885 1506 994 1576 copiast

171 1602 222 1653 per
243 1581 320 1652 plana
340 1582 417 1636 etiam
438 1600 467 1636 aa
487 1582 543 1636 foro
562 1582 704 1652 propinqua
723 1581 884 1647 habitavisse,
902 1580 972 1636 unde

172 1661 291 1715 'thuscum
303 1657 394 1723 vicum,
408 1658 556 1714 evocabulo
569 1658 729 1724 advenarum,
743 1658 847 1714 dictum.

212 1734 266 1791 Sed
278 1739 307 1790 ut
320 1735 406 1791 studia
416 1755 549 1808 procerum
562 1740 588 1791 et
597 1736 698 1808 largitio
707 1736 828 1808 principis
837 1735 971 1792 adversum
979 1737 1018 1791 66

174 1832 253 1869 casus
266 1813 384 1868 solatium
396 1814 517 1879 tulerant,
530 1813 568 1868 ita
583 1818 759 1869 accusatorum
777 1815 858 1886 major
872 1816 901 1870 in
918 1814 972 1869 dies

174 1897 203 1946 et
223 1889 343 1944 infestior
360 1891 399 1945 vis
417 1891 471 1945 sinc
489 1891 631 1946 levamento
647 1891 827 1962 grassabatur3
847 1893 973 1963 corripue-

173 1973 271 2039 ratque
291 1968 388 2022 Varum
408 1968 569 2033 Quintilium,
589 1968 692 2023 divitem
712 1973 739 2023 et
760 1970 854 2024 Caesari
871 1970 972 2040 propin-

175 2065 266 2118 quum,
288 2045 418 2099 Domitius
438 2045 509 2110 Afer,
530 2045 642 2100 Claudia
666 2046 784 2101 Pulchrae
804 2047 892 2102 matris
917 2046 972 2116 ejus

175 2121 369 2186 condemnator,
390 2122 460 2176 nullo
481 2122 589 2176 mirante
608 2122 676 2193 quod
691 2123 735 2177 diu
751 2141 836 2194 egens,
854 2126 881 2177 et
899 2128 972 2193 parto

175 2218 262 2270 nuper
273 2199 376 2269 praemio
389 2199 453 2253 male
465 2217 536 2264 usus,
549 2199 623 2269 plura
634 2199 667 2253 ad
678 2199 775 2270 flagitia
789 2199 971 2270 accingeretur.

175 2276 301 2332 Publium
322 2275 480 2331 Dolabellam
507 2276 603 2330 socium
630 2276 764 2330 delationis
788 2276 904 2330 extitisse
928 2277 998 2332 mit

175 2353 266 2409 raculo
286 2357 348 2418 erat,
371 2353 430 2424 quia
451 2353 524 2408 claris
544 2353 682 2424 majoribus
706 2358 733 2408 et
751 2354 821 2407 Varo
845 2372 973 2408 connexus

177 2451 253 2487 suam
265 2431 321 2500 ipse
332 2429 499 2495 nobilitatem,
513 2449 588 2485 suum
600 2431 759 2501 sangninem,
771 2430 898 2502 perditum
911 2431 972 2486 ibat.

176 2507 290 2564 Restitit
311 2511 396 2561 tamen
420 2512 524 2562 senatus
545 2511 571 2562 at
591 2507 772 2579 opperiendum
796 2509 998 2578 imperatorema

176 2585 297 2652 censuit3
317 2584 386 2656 quod
396 2603 476 2639 unum
487 2585 634 2656 urgentium
654 2584 778 2639 malorum
794 2587 930 2658 suffugium
947 2587 974 2640 in

176 2668 282 2734 tempus
295 2665 357 2716 crat.
394 2664 431 2716 At
443 2662 528 2717 Caesar
540 2661 662 2716 dedicatis
674 2682 720 2733 per
732 2663 895 2734 Campaniam
911 2668 974 2717 tem·
985 2667 1022 2726 67

176 2740 235 2811 plis,
250 2757 396 2810 quanquam
414 2738 497 2794 edicto
514 2740 655 2794 monuisset
666 2759 699 2794 ne
718 2741 774 2811 quis
793 2741 904 2811 quietem
920 2741 975 2809 ejus

176 2819 341 2886 irrumperet,
356 2833 545 2887 concursusque
557 2817 740 2888 oppidanorum
753 2818 876 2889 disposito
895 2816 975 2870 milite

176 2892 385 2965 prohiberentur,
408 2910 513 2963 perosus
537 2897 621 2948 tamen
645 2895 783 2966 municipia
806 2899 832 2948 et
856 2891 974 2956 colonias,

178 2972 316 3042 omniaque
326 2970 355 3025 in
366 2970 508 3026 continenti
519 2970 576 3039 sita,
594 2973 705 3044 Capreas
722 2991 750 3028 se
763 2972 792 3027 in
808 2969 917 3026 insulam
934 2969 977 3043 ab·
