2550 3500
381 388 576 441 ANNALIUM
594 391 672 441 XIII.
690 392 775 440 8—12
793 447 795 452 ¹
928 392 975 442 273

195 459 219 497 A.
230 456 255 495 a.
265 454 294 504 tl,
302 452 346 559 dod

194 506 225 561 ad
236 507 329 561 offeren
346 520 374 560 os
387 504 486 560 obsides
498 519 573 575 quam
584 504 638 576 ipse
653 504 706 559 dux
716 504 783 559 bello
794 504 907 560 delectus
919 522 977 576 spes

195 586 247 655 ejus
270 582 303 637 ad
324 586 422 637 metum
444 586 563 637 mutaret.
599 582 671 638 Nero
692 600 743 654 quo
762 587 923 653 componeret
942 582 1000 636 ‹li-o

194 678 286 726 versos,
299 660 336 715 sic
354 659 467 731 evulgari
481 660 566 731 jussit,
585 660 617 715 ob
631 678 673 715 res
690 678 704 715 a
723 660 854 720 Quadrato
872 664 899 715 et
917 659 980 713 Gor·

194 738 284 795 bulone
304 756 424 811 prospere
447 744 532 809 gestas
555 738 655 794 laurum
677 738 788 794 fascibus
810 738 979 810 imperatoriis

196 816 259 871 addi.
296 816 361 875 Qua
372 816 399 870 in
411 816 472 891 alios
485 816 599 871 eonsules
611 834 714 889 egressa
725 816 851 888 conjunxi.

228 892 325 948 llodem
345 908 410 947 anno
431 892 517 949 Caesar
535 892 642 965 effigiem
661 894 708 949 Gn.
721 894 836 948 Domitio
855 892 928 965 patri,
953 892 1025 946 et10

196 970 334 1027 consularia
353 970 462 1043 insignia
482 970 592 1025 Asconio
610 969 730 1039 Labeoni,
749 988 799 1042 quo
814 975 900 1025 tutore
918 988 980 1024 usus

196 1052 257 1113 crat,
281 1047 372 1118 petivit
396 1064 411 1101 a
434 1042 543 1113 senatu}
568 1046 666 1119 sibique
690 1051 788 1102 statuas
811 1052 917 1119 argento
940 1046 981 1103 vel

195 1142 257 1179 auro
280 1124 371 1179 solidas·
392 1124 511 1179 adversus
529 1125 663 1179 offerentes
680 1124 815 1195 prohibuit.
850 1125 885 1179 nt
903 1130 1003 1195 quan-2

196 1220 270 1274 quam
287 1201 444 1255 censuissent
462 1207 597 1273 putreant
615 1202 765 1273 principium
783 1202 842 1256 a'nni
859 1202 981 1273 inciperet

150 1330 154 1343 ,
195 1296 281 1335 mense
293 1278 434 1343 Decembri,
453 1296 503 1351 quo
521 1282 592 1334 ortus
609 1283 663 1334 erat
676 1280 754 1344 Nero,
771 1283 881 1334 veterem
897 1279 982 1350 religi-

196 1376 268 1413 onem
277 1357 440 1413 kalendarum
450 1355 626 1413 ianuariarum
636 1358 777 1413 inchoando
790 1377 855 1413 anno
867 1360 980 1413 retinuit.

196 1435 287 1507 Neque
304 1435 401 1507 recepti
418 1440 478 1490 sunt
496 1436 563 1491 inter
580 1454 636 1491 reos
655 1436 761 1491 carinas
780 1436 854 1491 Celer
873 1439 1004 1502 sanctone

197 1530 269 1568 servo
284 1516 425 1577 accusante,
443 1516 488 1567 aut
505 1512 589 1567 Julius
606 1513 708 1568 Densus
722 1516 846 1585 equester,
859 1512 901 1568 cul
912 1513 984 1567 favor

196 1593 223 1647 iu
234 1590 410 1646 Britannicum
422 1591 520 1645 crimini
532 1591 647 1647 dabatur.

141 1662 142 1687 ²
233 1668 339 1724 Claudio
351 1668 462 1737 Nerone,
474 1668 506 1723 L.
519 1669 633 1723 Antistio
650 1668 802 1738 consulibus,
815 1686 873 1724 curn
884 1668 911 1723 in
927 1667 1025 1723 actall

196 1746 339 1818 principum
357 1746 472 1818 jurarent
489 1746 661 1819 magistratus,
679 1748 707 1802 in
725 1765 771 1802 sua
788 1751 845 1803 acta
863 1746 983 1818 collegam
989 1749 1041 1833 *ὥς

197 1824 338 1879 Antistium
347 1825 433 1895 jurare
444 1825 581 1895 prohibuit,
592 1825 691 1897 magnis
704 1830 805 1897 patrum
816 1825 940 1890 laudibus,
952 1827 983 1878 ut
1000 1822 1044 1884 aa]

194 1901 314 1972 juvenilis
333 1902 431 1956 animus
445 1902 538 1957 levium
559 1921 659 1974 quoque
673 1915 757 1958 rernm
773 1903 853 1974 gloria
868 1902 983 1958 sublatus
1006 1893 1036 1932 ἢ

196 1979 306 2051 majores
327 1979 493 2034 continuaret.
531 1979 673 2052 Secutaque
696 1981 786 2036 lenitas
809 1981 838 2035 in
854 1980 1006 2035 Plautium2

196 2056 360 2121 Lateranum,
375 2075 449 2126 quem
465 2056 496 2112 ob
513 2056 664 2112 adulterium
681 2058 826 2113 Messalinae
841 2056 929 2111 ordine
943 2056 984 2112 de

196 2138 296 2188 motum
308 2133 417 2188 reddidit
433 2134 539 2199 senatui,
558 2135 716 2190 clementiam
734 2153 805 2190 suam
823 2133 984 2204 obstringens

197 2211 293 2266 crebris
317 2211 480 2277 orationibus,
505 2229 567 2282 quas
596 2212 698 2280 Seneca,
720 2211 880 2267 testificando
909 2229 985 2282 quam

196 2289 307 2344 honesta
317 2289 472 2362 praeciperet,
485 2289 525 2346 vel
539 2288 653 2360 jactandi
667 2289 769 2361 ingenii,
786 2304 848 2344 voce
864 2288 984 2360 priucipis

195 2365 327 2438 vulgabat.

234 2443 356 2498 Ceterum
375 2443 484 2500 infracta
503 2443 624 2516 paulatim
642 2443 757 2515 potentia
775 2443 864 2498 matris
884 2439 1030 2515 delapsol2

140 2497 143 2572 l
196 2521 305 2578 Nerone
321 2521 349 2576 in
365 2539 475 2576 amorem
490 2522 594 2588 libertae,
610 2522 652 2576 cui
667 2521 816 2576 vocabulum
833 2522 899 2577 Acte
915 2522 986 2587 iuit;

197 2597 277 2654 simul
297 2599 434 2670 assumptis
452 2599 480 2655 in
502 2600 682 2656 conscientiam
705 2599 807 2655 Othone
830 2603 857 2655 et
880 2599 986 2654 Claudio

198 2675 347 2742 Senecione,
361 2676 553 2732 adolescentulis
570 2677 675 2743 decoris,
688 2696 795 2752 quorum
813 2677 882 2732 Otlro
894 2677 988 2732 familia

197 2753 334 2820 consulari,
354 2753 458 2808 Senecio
475 2754 566 2809 liberto
584 2754 692 2810 Caesaris
709 2760 781 2828 patre
798 2754 907 2827 genitus.
943 2754 1009 2824 It'·²

197 2848 265 2886 nara
282 2833 371 2895 matre,
390 2830 449 2885 dein
465 2830 561 2886 frustra
577 2833 715 2898 obnitente,
734 2832 836 2904 penitus
853 2831 988 2901 irrepserat

198 2927 249 2980 per
266 2907 356 2962 luxum
374 2911 400 2964 et
418 2907 535 2979 ambigua
552 2914 663 2977 secreta;
680 2929 714 2965 ne
731 2909 871 2964 senioribus
888 2906 989 2978 quidem

199 2984 326 3058 principis
343 2985 428 3064 amicis
444 2984 642 3053 adversantibus,
659 2987 813 3055 muliercula,
824 2985 894 3041 nulla
905 2986 990 3057 cujus·

235 3083 295 3119 Ὴῦι,
306 3085 360 3114 Tou.
369 3083 386 3115 1.
592 3079 608 3118 Τ
