2550 3500
326 593 359 654 O.
395 593 659 653 CORNELII
698 593 879 653 ΤΑΟΙΤΙ

346 739 394 791 ΑΒ
418 738 578 791 EXOESSU
595 738 676 790 DIVI
694 738 848 792 AUGUSTI

199 888 1080 981 ANNALIUM·

470 1064 578 1117 LIBER
598 1065 738 1118 SEXTUS.

131 1180 134 1267 l
549 1233 677 1245 ..-

241 1340 291 1396 Cr.
305 1342 445 1395 Dommrns
461 1342 487 1395 et
504 1340 624 1395 Camillus
642 1340 819 1394 Scribonianus
837 1340 1018 1397 consulatum]

202 1418 321 1482 inierant,
336 1437 392 1472 cum
406 1418 490 1472 Caesar
501 1419 626 1483 tramisso,
646 1417 712 1488 qnod
725 1417 833 1487 Capreas
846 1422 872 1471 et
890 1420 1069 1502 durren-ffic-

201 1500 261 1549 tum
279 1495 401 1559 interluit,
420 1496 487 1549 freto
504 1495 665 1565 Campaniam
683 1494 842 1565 praelegebat,
861 1495 993 1566 ambiguus
1002 1521 1022 1549 ι.
1032 1491 1051 1550 n]

203 1592 238 1627 an
249 1572 338 1627 urbem
348 1572 462 1637 intraret,
472 1590 524 1635 seu,
535 1572 593 1643 quin
602 1576 691 1625 contra
700 1571 876 1638 destinaverat,
886 1573 993 1643 speciem
1008 1562 1038 1600 ³²

202 1650 309 1704 venturi
329 1650 457 1703 simulans.
502 1648 537 1705 ut
558 1668 624 1719 saepe
643 1649 670 1702 in
690 1649 831 1719 propinqua
852 1648 1018 1720 degressum

204 1726 282 1782 aditis
291 1727 366 1799 juxta
378 1726 488 1782 Tiberim
504 1726 592 1792 hortis,
606 1745 668 1782 saxa
683 1745 783 1780 rursum
796 1731 822 1781 et
834 1726 995 1782 solitudinem

203 1805 282 1860 maris
306 1805 416 1874 repetiit,
441 1803 537 1874 pudore
561 1803 683 1858 scelerum
702 1808 728 1857 et
745 1803 884 1869 libidinum,
904 1805 995 1876 quibus

204 1881 282 1948 adeo,
292 1881 421 1936 indomitis
446 1887 580 1947 exarserat,
605 1887 634 1934 ut
658 1899 727 1934 more
750 1881 820 1950 regio
843 1881 935 1952 pubem
959 1883 995 1936 in·

203 1977 315 2031 genuam
339 1958 434 2028 stupris
458 1957 589 2027 pollueret.
635 1957 692 2012 Nec
715 1958 822 2011 formam
845 1963 945 2012 tanturn
969 1964 1018 2016 ets

203 2036 298 2090 decora
309 2053 420 2105 corpora,
438 2033 483 2088 sed
497 2034 523 2088 in
539 2033 578 2087 his
595 2033 734 2088 modestam
747 2035 888 2105 pueritiam,
902 2037 929 2089 in
941 2036 995 2090 aliis

203 2112 328 2184 imagines
358 2111 479 2181 majorum
509 2111 700 2164 incitamentum
727 2111 852 2182 cupidinis
878 2112 994 2168 habebat.

203 2189 327 2259 Tuncque
350 2189 459 2259 primum
476 2187 565 2258 ignota
588 2191 662 2241 antea
680 2188 801 2242 vocabula
817 2193 918 2258 reperta
935 2194 1020 2244 sunt4

203 2269 358 2320 sellariorum
370 2268 396 2318 et
407 2267 571 2333 spintriarum
587 2282 618 2318 cx
636 2263 750 2318 foeditate
762 2265 810 2318 loci
822 2283 852 2318 ac
863 2266 996 2337 multiplici

203 2343 335 2414 patientia.
371 2341 557 2411 Praepositique
569 2341 643 2405 servi,
657 2341 700 2412 qui
718 2342 882 2412 inquirerent,
899 2349 1019 2414 perita-5

202 2421 303 2488 herent,
321 2419 387 2473 dona
404 2419 432 2472 in
448 2422 586 2488 promptos,
602 2418 682 2472 minas
698 2418 831 2473 adversum
848 2420 994 2488 abnuentes,

203 2502 230 2552 et
255 2495 276 2552 si
301 2497 440 2550 retinerent
463 2495 620 2566 propinquus
639 2499 684 2548 aut
701 2514 799 2566 parens,
819 2497 878 2565 vim,
898 2504 994 2570 raptus,

202 2591 302 2644 suaque
325 2573 374 2642 ipsi
397 2571 469 2626 libita
494 2572 565 2626 velut
588 2572 615 2626 in
639 2576 726 2643 captos
754 2574 912 2630 exercebant.
959 2578 1023 2632 Ara

202 2653 294 2708 Romae
306 2650 430 2722 principio
442 2649 508 2714 anni,
522 2649 595 2720 quasi
606 2669 694 2706 recens
710 2653 818 2723 cognitis
830 2653 911 2707 Liviae
926 2655 996 2724 flagi·

201 2731 247 2784 tiis
269 2746 299 2782 ac
319 2745 371 2781 non
394 2726 491 2798 pridem
514 2727 590 2780 etiam
612 2729 716 2798 punitis,
741 2735 840 2784 atroces
864 2732 996 2786 sententia

202 2805 361 2872 dicebantur,
379 2804 407 2858 in
424 2803 518 2874 effigies
537 2823 637 2874 quoque
661 2823 691 2859 ac
714 2807 859 2861 memoriam
879 2811 944 2876 ejus,
969 2811 996 2861 et

202 2883 271 2939 bona
292 2882 377 2954 Sejani
402 2879 486 2935 ablata
509 2881 596 2936 nerano
621 2884 651 2935 ut
674 2881 701 2936 in
724 2882 813 2937 fiscum
837 2886 995 2954 cogerentur,
