2550 3500
204 468 318 519 ΑΜ]
390 407 587 457 ANNALIUM
606 408 677 457 xlv,
695 408 798 457 40-45,
949 408 995 453 825

203 537 266 589 quas
288 535 363 574 nemo
386 518 517 590 prohibuit
534 524 580 575 aut
597 518 724 592 prodidit;
744 517 860 590 quamvis
884 516 996 571 nondum

203 613 325 651 concusso
336 601 440 651 senatus
453 596 577 662 consulto,
591 597 659 669 quod
671 596 822 669 supplicium
835 594 884 649 toti
896 594 997 649 familiae

202 672 375 728 minitabatur.
411 673 549 729 Decernite
558 674 672 729 Hercule
680 674 865 745 impunitatem,
879 676 909 726 ut
921 682 1019 743 quemi

202 748 312 821 dignitas
331 768 378 804 sua
394 749 520 816 defendat,
538 769 597 806 cum
614 751 767 823 praefectura
783 749 854 804 urbis
871 768 923 803 non
940 766 997 819 pro·

202 826 295 881 inerit!
316 828 397 892 Quem
413 845 534 882 numerus
552 846 682 883 servorum
700 828 824 892 tuebitur,
843 844 900 881 cum
916 824 1019 885 Pede-5

201 902 272 957 nium
296 902 440 958 Secundum
464 902 643 977 quadringenti
666 924 718 960 non
737 904 914 976 protexerint?
945 903 995 958 cai

201 980 297 1034 familia
319 997 394 1050 opem
416 980 490 1046 feret,
520 1000 576 1052 qna
596 1001 629 1037 ne
652 982 679 1037 in
706 985 778 1037 metu
806 980 907 1054 quidem
930 980 997 1049 peri·

202 1057 260 1112 cula
270 1064 359 1111 nostra
375 1056 506 1114 advertit?
523 1060 573 1124 An,
590 1064 621 1113 ut
639 1059 742 1131 quidam
758 1058 853 1130 fingere
871 1076 923 1113 uon
941 1058 1019 1113 eru-6

133 1193 134 1210 ξ
201 1134 317 1202 beacunt,
340 1132 445 1206 injurias
469 1154 528 1191 suas
550 1136 622 1191 ultus
646 1140 686 1192 est
706 1136 862 1213 interlector,
885 1135 996 1208 quiade

201 1215 309 1283 paterna
330 1213 438 1282 pecunia
460 1217 628 1285 transegerat,
653 1216 698 1269 aut
723 1214 820 1268 avitum
843 1213 997 1285 mancipium

202 1288 403 1345 detrahebatur?
421 1292 613 1361 pronuntiemus
622 1292 691 1347 ultro
701 1290 830 1345 domiuum
836 1290 894 1361 jure
903 1308 996 1346 caesum

201 1364 291 1419 videri.
326 1366 404 1422 Libet
416 1372 568 1441 argumente
578 1369 727 1439 conquirere
738 1368 766 1422 iu
777 1385 807 1423 eo
820 1367 888 1438 quod
900 1368 996 1438 sapien·
1003 1361 1042 1417 44

201 1441 309 1497 tionbus
321 1443 488 1499 deliberatum
503 1446 563 1500 esti
590 1446 641 1501 Sed
657 1450 683 1501 et
699 1445 805 1501 sinunc
820 1444 928 1515 primum
945 1448 997 1499 sta·

202 1519 327 1575 tuendum
350 1520 508 1587 haberemus,
537 1522 674 1577 creditisne
702 1540 803 1577 servum
829 1520 997 1577 interficiendi

201 1595 296 1651 domini
314 1598 426 1652 animum
443 1598 616 1669 insumpsisse,
634 1606 666 1654 ut
683 1616 736 1653 nou
752 1616 803 1653 vox
823 1597 907 1651 minax
931 1597 996 1653 enci-

200 1673 279 1740 derct,
297 1673 362 1729 nihil
378 1692 425 1746 per
441 1675 613 1731 temeritatem
628 1675 842 1749 proloqueretur?
861 1674 926 1729 Sane
938 1679 1018 1730 con-2

199 1752 284 1808 silium
296 1753 416 1819 occuluit,
429 1752 509 1808 telum
529 1753 597 1808 inter
615 1754 718 1826 ignaros
736 1753 852 1826 paravit:
876 1772 938 1809 num
954 1772 996 1809 ex-

199 1830 286 1886 cubias
309 1831 440 1897 transiret,
465 1831 575 1887 cubiculi
595 1832 664 1888 iores
684 1831 833 1898 recluderet,
853 1830 939 1888 lumen
958 1832 996 1886 in·

199 1905 285 1972 ferret,
305 1909 400 1964 caedem
416 1912 531 1980 patraret
548 1910 665 1966 omnibus
689 1910 801 1966 nesciis?
837 1908 923 1965 Multa
944 1917 1018 1964 suet

199 1982 259 2038 laris
279 1984 372 2040 indicia
392 1986 567 2057 praeveniunt:
586 1989 654 2042 servi
675 1988 698 2043 si
717 1987 834 2059 prodant,
859 2004 995 2057 possumus

199 2059 295 2131 singuli
312 2062 380 2116 inter
396 2063 490 2134 plures,
503 2064 556 2118 tuti
567 2063 634 2118 inter
647 2065 743 2133 anxios,
755 2068 891 2134 postremo,
904 2063 927 2118 si
938 2081 995 2134 per-

198 2136 310 2192 eundum
323 2139 364 2203 sit,
377 2157 430 2194 nou
441 2139 518 2194 inulti
529 2141 597 2195 iuter
612 2145 734 2196 nocentes
751 2157 833 2211 agere.
871 2139 1017 2209 suspectat

198 2213 338 2286 majoribus
349 2217 444 2271 nostris
456 2217 561 2272 fuerunt
572 2217 677 2288 ingenia
695 2235 833 2282 servorum,
847 2216 923 2271 etiam
936 2235 995 2272 cum

134 2336 135 2339 ,
197 2293 226 2348 in
242 2291 311 2364 agris
327 2296 372 2346 aut
388 2293 504 2349 domibus
521 2293 604 2348 isdem
621 2298 793 2360 nascerentur,
813 2293 994 2365 caritatemque

197 2369 359 2424 dominorum
370 2370 459 2424 statim
471 2371 622 2441 acciperent.
658 2371 798 2442 Postquam
807 2389 868 2426 vero
878 2371 1017 2430 nationest

196 2447 224 2501 in
237 2445 340 2500 familiis
352 2445 482 2513 habemus,
496 2447 589 2519 quibus
606 2447 700 2502 diversi
715 2449 788 2515 ritus,
801 2451 906 2504 externa
922 2467 994 2504 sacra

197 2526 244 2576 aut
255 2522 326 2576 nulla
337 2528 406 2591 suut,
418 2524 551 2579 colluviem
559 2525 636 2579 istam
648 2524 749 2580 nonnisi
761 2529 832 2580 metu
844 2526 991 2581 coercueris.

197 2601 235 2653 At
248 2598 350 2670 quidam
367 2600 481 2657 insontes
497 2601 632 2674 peribunt:
652 2621 711 2656 nam
723 2606 749 2658 et
761 2621 794 2657 ex
809 2603 867 2658 fuso
879 2603 1016 2660 exercitat

199 2695 258 2731 cum
277 2675 389 2732 decimus
408 2679 514 2750 quisque
531 2679 594 2734 fusti
611 2679 711 2746 feritur,
730 2680 807 2735 etiam
827 2679 925 2736 strenui
943 2698 994 2734 sor-

196 2753 306 2808 tiuntur.
342 2753 431 2809 Habet
448 2755 544 2827 aliquid
561 2775 594 2811 ex
613 2756 701 2828 iniquo
717 2775 792 2812 omne
813 2775 932 2828 magnum
952 2763 1017 2815 eri-7

197 2830 317 2902 emplum,
331 2830 400 2902 quod
411 2836 501 2888 contra
512 2833 625 2903 singulos
641 2833 755 2888 utilitate
767 2833 869 2905 publica
880 2831 993 2902 rependi-

196 2909 267 2962 tur.’'
304 2908 443 2964 Sententia
456 2909 537 2964 Cassii
548 2915 579 2965 ut
595 2929 670 2966 nemo
682 2929 748 2965 unus
761 2913 850 2966 contra
866 2908 904 2962 ire
916 2925 993 2962 ausus
1001 2906 1039 2962 45

197 2988 246 3051 est,
258 2984 297 3040 ita
308 2985 417 3043 &sono
429 3004 504 3043 voces
520 2987 715 3059 respondebant,
732 3004 864 3042 numerum
878 2988 923 3040 aut
935 2989 994 3040 aeta-
