2550 3500
187 438 214 477 Α.
225 438 250 477 D'
261 437 292 483 ⁶⁰,
301 437 341 486 51¹]
386 377 583 425 ANNALIUM
602 378 669 426 XII.
690 380 791 427 38-41.
934 381 981 427 253

187 488 288 542 accensi
300 487 394 553 hostes,
408 488 555 543 stimulante
563 489 708 561 ignominia,
721 509 754 546 ne
765 489 865 545 femine
877 488 983 560 imperio

135 576 141 664 'p
187 564 365 619 subderentur.
401 565 493 620 Vulida
513 570 539 621 et
556 567 623 622 lecta
640 569 716 623 armis
735 569 856 640 juventus
873 584 981 638 regnum

186 642 243 713 ejus
252 642 382 697 invadunt.
419 643 493 708 Quod
503 643 576 699 nobis
588 646 735 715 praevisum
754 649 781 700 et
792 645 876 699 missa
888 643 1007 699 auxiliod

186 719 307 775 cohortes
319 738 377 775 aere
384 720 499 791 praelium
509 721 600 791 fecere,
618 723 692 794 cujus
704 723 777 777 initio
794 720 913 793 ambiguo
925 720 982 775 finis

186 796 270 851 laetior
281 796 339 851 fuit.
375 798 467 869 Neque
478 797 572 869 dispari
583 805 678 855 eventu
693 802 835 871 pugnatum
852 817 868 852 a
882 798 982 869 legione

187 874 231 929 eui
255 874 351 931 Caesirrs
376 875 470 930 Nasica
492 881 607 946 praerat.
644 877 712 931 Nam
733 876 826 931 Didius
849 879 1005 930 senectute?

187 950 282 1022 gravis,
303 954 330 1006 et
350 952 431 1007 multa
450 952 523 1023 eopia
541 954 674 1017 honorum,
694 971 740 1024 per
758 952 887 1007 ministms
907 969 982 1023 agere

188 1033 217 1083 et
229 1046 314 1083 arcere
325 1029 425 1084 hostem
437 1030 499 1084 satis
510 1030 627 1085 habebat.
655 1031 730 1095 Hac,
743 1047 886 1100 quanquam
897 1028 1005 1083 aduoss

187 1106 239 1163 bus
251 1106 367 1178 [Ostorio
378 1105 519 1177 Didioqua]
534 1107 732 1178 propraetoribus
743 1107 829 1177 plnres
840 1124 893 1177 per·
903 1124 982 1161 annos

188 1188 271 1256 gesta,
289 1183 416 1255 conjunxi,
432 1202 465 1238 ne
481 1184 561 1239 divisa
577 1184 646 1239 haud
662 1184 769 1255 proinde
786 1184 818 1238 ad
835 1184 982 1239 memoriam

189 1262 232 1317 sui
242 1261 363 1316 valerent.
399 1260 441 1316 Ad
452 1265 594 1333 temporum
606 1262 719 1317 ordinem
730 1262 813 1315 redeo.

225 1338 264 1393 Ti.
278 1338 384 1393 Claudio
396 1338 521 1409 quintum,
535 1339 622 1394 Servio
639 1338 758 1394 Cornelio
775 1338 858 1393 Orfito
872 1337 982 1393 oonsuli-
990 1336 1026 1390 41

190 1415 240 1471 bus
257 1415 336 1471 virilis
353 1419 415 1487 toga
432 1416 531 1471 Neroni
546 1420 681 1481 matinata
700 1434 751 1486 quo
769 1414 927 1486 capessenda
944 1414 983 1469 rei
994 1415 1053 1499 232⁰

190 1492 299 1565 publice
323 1492 411 1548 habilis
437 1492 574 1548 videretur.
621 1494 658 1548 Et
684 1492 770 1547 Caesar
796 1491 982 1546 adulationibus
998 1518 1042 1547 a».

191 1573 296 1626 senatus
308 1569 388 1658 libens
400 1570 485 1638 cessit,
501 1573 532 1625 ut
549 1570 668 1625 vicesimo
686 1568 769 1657 atatis
786 1587 851 1623 enno
869 1558 1032 1656 consula-2⁶¹·

191 1652 249 1703 tum
261 1647 332 1701 Nero
343 1650 426 1714 mmet,
439 1650 516 1717 atque
527 1646 629 1701 interim
641 1646 787 1718 designatus
805 1644 983 1716 proconsulare

134 1738 136 1792 l
191 1724 326 1797 imperium
338 1729 411 1781 extra
425 1724 514 1780 urbem
529 1724 642 1790 haberet,
661 1742 691 1780 ac
708 1725 828 1794 Princeps
839 1725 983 1779 Juvenum

192 1803 369 1874 appellaretur.
405 1802 529 1857 Additum
545 1802 647 1858 nomine
664 1803 719 1873 ejus
736 1801 884 1857 donativum
899 1800 1006 1866 militis

193 1881 349 1953 congiarium
361 1881 450 1952 plebei.
487 1881 522 1936 Et
536 1881 633 1936 ludicro
647 1881 804 1946 dimensium,
818 1879 885 1951 quod
898 1880 983 1951 acqui·

192 1959 279 2014 randis
294 1959 365 2030 vulgi
379 1958 470 2013 studiis
486 1958 615 2027 edebatur,
629 1957 793 2013 Britannicus
806 1958 835 2012 in
850 1960 982 2028 praetexta,

192 2037 266 2092 Nero
288 2036 479 2107 triumphalium
500 2040 579 2101 veste,
604 2036 713 2090 travecti
736 2038 804 2090 sunt.
850 2035 1006 2105 Spectaret4

192 2113 302 2186 populus
314 2114 382 2169 hune
397 2112 488 2169 decore
503 2112 673 2184 imperatorio,
688 2112 760 2166 illum
776 2111 867 2183 puerili
884 2110 983 2175 habitu,

194 2209 224 2246 ae
235 2189 339 2262 perinde
350 2190 479 2246 fortunam
486 2189 620 2261 utriusque
629 2193 801 2259 presumeret.
837 2187 924 2253 Simul,
939 2186 1006 2258 qui5

194 2267 371 2323 centurionum
383 2267 597 2338 ¹tribunorumque
612 2270 708 2321 sortem
724 2264 866 2320 Britannici
881 2265 983 2320 misera·

193 2345 295 2410 bantur,
308 2345 399 2402 remoti
410 2344 476 2400 fietis
492 2344 583 2409 causis,
596 2343 678 2398 etalii
694 2359 740 2412 per
751 2341 861 2412 speciem
872 2341 982 2396 honoris.

193 2423 281 2478 Etiam
303 2421 453 2478 libertorum
476 2421 577 2492 siquis
600 2420 748 2490 incorrupta
770 2418 827 2484 fide,
849 2417 1007 2490 depelliturd

134 2483 136 2526 l
193 2499 241 2556 tuli
264 2499 400 2555 occasione.
436 2498 513 2554 Obvii
529 2499 597 2553 inter
613 2516 648 2562 se,
664 2497 735 2551 Nero
751 2495 926 2551 Britannicum
940 2513 986 2550 no·

193 2578 270 2641 mine,
294 2576 336 2632 ille
354 2575 503 2641 Domitium,
523 2575 673 2630 salutavere,
709 2572 787 2632 Quod
804 2577 835 2628 ut
853 2572 1006 2630 discordias

194 2653 297 2709 initium
319 2653 460 2726 Agrippina
482 2652 565 2707 multo
583 2654 677 2723 questu
695 2649 728 2704 ad
744 2649 864 2705 mantum
881 2649 981 2704 defert:

194 2732 281 2805 sperni
298 2732 391 2803 quippe
409 2731 577 2803 adoptionem,
595 2747 701 2801 quaeque
724 2728 870 2784 censuerint
890 2732 985 2799 patres,

193 2809 300 2883 jusserit
317 2808 434 2880 populus,
451 2807 519 2862 intra
536 2812 642 2879 penates
662 2806 796 2878 abrogari3
814 2824 843 2860 ae
860 2805 910 2859 nisi
928 2821 986 2875 pra-

134 2945 135 2950 ,
194 2889 262 2944 vitas
290 2891 345 2942 tam
372 2887 472 2942 infensa
495 2885 639 2942 docentium
662 2889 785 2950 arceatur,
812 2887 934 2953 eruptura
959 2882 987 2936 in

134 2975 135 3050 l
195 2965 323 3036 publicam
346 2964 490 3038 perrriciem.
526 2963 675 3018 Commotus
694 2963 718 3018 is
738 2961 812 3034 quasi
831 2958 1010 3025 criminibus‚8
