2550 3500
267 434 283 482 2
597 424 719 473 TACITI

895 484 1052 534 [rueret

264 543 315 600 bus
327 544 379 598 nisi
391 545 475 600 Caesar
484 544 540 598 dux
551 544 675 613 reliquus,
687 543 772 612 posito
786 542 938 618 Triamciri
948 545 1053 596 nomine

267 623 401 675 consulem
418 639 445 675 se
461 622 546 674 ferens
564 628 591 674 et
608 621 643 674 ad
660 620 786 672 tuendam
796 619 900 688 plebem
912 620 1053 672 tribunicio

264 699 325 768 jure
337 703 497 764 contentum,
513 697 560 750 ubi
578 697 691 749 militem
708 696 790 762 donis,
802 696 930 765 populum
941 713 1053 762 annona,

269 781 376 828 cunctos
397 774 535 828 dulcedine
558 775 606 826 otii
626 773 744 842 pellexit,
764 773 899 840 insurgere
917 772 1055 841 paulatim,

268 851 359 904 munia
377 857 489 915 senatus,
506 851 717 919 magistratuum,
738 849 835 918 legum,
854 850 883 900 in
902 849 1056 916 retrahere,

269 927 343 981 nullo
361 928 523 995 adversante,
535 945 596 980 cum
614 926 766 979 ferocissimi
781 943 828 995 per
848 925 916 979 acies
933 932 981 978 aut
998 943 1057 994 pro-

271 1004 410 1072 scriptione
419 1004 580 1070 cecidissent,
589 1003 669 1057 ceteri
680 1002 815 1070 nobilium,
825 1008 924 1071 quanto
936 1003 995 1071 quis
1006 1019 1058 1055 ser-

272 1079 337 1134 vitio
351 1081 502 1149 promptior,
514 1079 605 1150 opibus
621 1083 650 1133 et
666 1079 807 1132 honoribus
818 1079 1015 1145 extollerentur,
1026 1085 1059 1131 ut

272 1157 347 1211 novis
359 1175 393 1211 ex
404 1156 481 1210 rebus
498 1157 570 1210 aucti
582 1162 642 1209 tuta
653 1161 681 1209 et
692 1156 830 1225 praesentia
842 1173 921 1225 quam
932 1161 1021 1208 vetera
1032 1161 1060 1208 et

253 1233 419 1304 apericulosa
442 1233 559 1287 mallent.
595 1233 687 1300 Neque
708 1233 848 1301 provinciae
871 1233 949 1286 illum
972 1249 1061 1285 rerum

275 1315 376 1364 statum
387 1309 543 1376 abnuebant,
551 1315 670 1378 suspecto
682 1314 787 1362 senatus
798 1309 941 1378 populique
951 1309 1061 1379 imperio

276 1386 309 1440 ob
324 1387 467 1440 certamine
483 1387 632 1456 potentium
650 1391 678 1439 et
694 1386 833 1440 avaritiam
849 1388 1061 1455 magistratuum,

276 1463 393 1516 invalido
404 1463 494 1531 legum
509 1463 617 1532 auxilio,
633 1480 694 1532 quse
710 1463 745 1531 vi,
757 1463 865 1531 ambitu,
877 1469 1007 1532 postremo
1018 1481 1063 1535 pe-

279 1539 358 1594 cunia
371 1538 554 1594 turbabantur.

254 1627 273 1682 3
313 1617 433 1670 Ceterum
449 1617 585 1685 Augustus
599 1615 715 1669 subsidia
733 1616 912 1683 dominationi,
925 1617 1065 1673 Claudium

282 1693 437 1749 Marcellum
449 1694 540 1748 sororis
551 1693 637 1745 filium
648 1693 789 1746 admodum
800 1695 991 1750 adolescentem
1002 1713 1066 1765 pon·

279 1771 385 1824 tificatu
400 1776 427 1825 et
448 1772 533 1827 curuli
551 1770 685 1837 aedilitate,
704 1771 741 1825 li
753 1772 905 1841 Agrippam,
924 1773 1067 1841 ignobilem

279 1846 344 1915 loco,
355 1846 452 1901 bonum
463 1848 560 1901 militia
572 1853 599 1901 et
610 1847 726 1901 victoriae
738 1850 844 1915 socium,
855 1850 995 1918 geminatis
1007 1867 1068 1903 con-

281 1924 410 1978 sulatibus
432 1924 537 1991 extulit,
561 1941 624 1977 mox
648 1924 772 1978 defuncto
795 1925 920 1980 Marcello
942 1944 1069 1995 generum

282 2000 415 2071 sumpsit3
433 2001 567 2055 Tiberium
589 2000 720 2055 Neronem
743 2007 770 2055 et
794 2002 936 2056 Claudium
953 2004 1070 2056 Drusum

283 2078 417 2149 privignos
433 2077 606 2147 imperatoriis
618 2077 768 2131 nominibus
780 2080 864 2145 auxit,
876 2080 979 2147 integra
990 2080 1072 2133 etiam

262 2160 344 2208 2tum
368 2154 444 2209 domo
469 2172 523 2209 sua.
571 2154 641 2209 Nam
664 2156 767 2223 genitos
790 2157 908 2227 Agrippa
931 2158 1023 2209 Caium
1040 2174 1072 2213 ac

284 2230 397 2285 Lucium
410 2231 439 2283 in
455 2232 584 2285 familiam
597 2231 728 2285 (laesarum
739 2232 889 2302 induxerat,
901 2234 1015 2287 necdum
1027 2251 1073 2303 po

285 2306 337 2362 sita
357 2308 452 2377 puerili
473 2314 603 2379 praetexta
621 2308 762 2379 Principes
774 2310 920 2378 juveatrais
937 2310 1072 2379 appellari,

286 2384 413 2439 destinari
424 2386 549 2450 consules,
568 2384 653 2455 specie
661 2387 806 2440 recusantis
816 2388 1018 2457 flagrantissime
1029 2404 1075 2440 cu-

266 2461 397 2531 spirerat.
433 2462 471 2515 Ut
483 2462 601 2533 Agrippa
612 2462 670 2517 rita
686 2464 860 2531 concessitis
873 2464 1000 2519 Gaesarem
1012 2482 1076 2518 eun·

288 2543 344 2591 tem
367 2538 402 2593 ad
426 2538 613 2609 Hispanienses
639 2539 777 2609 exercitus,
801 2541 894 2594 Gaium
916 2547 1076 2595 remeantem

289 2615 413 2670 Armenia
424 2620 452 2669 et
467 2616 574 2669 vulnere
586 2615 740 2681 invalidum,
757 2635 825 2671 mors
841 2619 897 2671 sato
910 2635 1020 2687 propera
1035 2618 1078 2671 rel

289 2709 406 2749 novercae
425 2692 506 2746 Iririee
524 2692 599 2746 dolus
617 2691 735 2761 abstulit,
752 2693 891 2764 Drusoque
910 2695 1013 2765 pridem
1033 2712 1079 2749 ex·

291 2769 387 2824 stincto
399 2770 467 2823 Nero
486 2768 554 2822 solus
567 2786 582 2822 e
596 2768 726 2838 privignis
744 2777 816 2825 erat:
834 2772 899 2825 illuc
915 2778 1011 2827 cuneta
1022 2789 1080 2827 ver·

291 2864 352 2917 gero
364 2866 370 2901 :
388 2847 466 2915 filius,
478 2846 578 2915 collega
597 2845 708 2915 imerii,
720 2864 823 2901 consors
834 2848 983 2903 tribuniciae
994 2856 1081 2919 potes-

292 2924 356 2977 tatis
376 2924 530 2990 adsumitur,
552 2939 691 2991 omnesque
711 2941 758 2992 per
774 2926 905 2979 exercitus
925 2931 1081 2993 mtentatur,

292 3017 346 3055 non
359 3000 482 3062 obscuris,
494 3006 525 3054 ut
537 3004 622 3066 antea,
634 3000 727 3053 matris
743 3000 853 3070 artibus,
866 3002 911 3055 sed
921 3002 1011 3070 palam
1022 3002 1082 3057 hor-
