2550 3500
417 601 451 661 O.
486 596 748 659 CORNELII
788 592 969 655 ΤΑΟΙΤΙ

438 745 486 800 AB
509 743 669 799 EXOESSU
686 742 767 796 DIVI
784 740 937 795 AUGUSTI

345 893 1047 989 ANNALIUM

430 1072 544 1129 LIBER
561 1070 733 1131 QUARTUS
750 1068 923 1126 DECIMUS.
1135 1087 1142 1258 p

279 1377 293 1430 1
338 1358 406 1415 (imo
421 1357 555 1429 Vipstano,
573 1355 681 1411 Fonteio
705 1354 857 1424 consultius,
875 1354 919 1410 diu
940 1354 1092 1410 meditatum

230 1458 294 1494 aaa.
303 1436 384 1493 scelus
395 1454 448 1492 non
457 1435 526 1489 ultra
537 1434 608 1489 Nero
623 1432 729 1498 distulit,
742 1436 872 1488 vetustate
886 1433 985 1504 imperii
1000 1433 1093 1487 coalita

241 1500 290 1591 ⁸2²,
303 1514 413 1581 audacia,
427 1516 453 1568 et
461 1512 607 1584 flagrantior
618 1511 647 1566 in
657 1509 711 1565 dies
727 1528 812 1565 amore
823 1510 958 1581 Poppaeae5
976 1528 1033 1581 quae
1044 1510 1092 1565 sibi

256 1600 287 1641 ⁶⁹·
303 1592 490 1647 matrimonium
507 1592 533 1645 et
546 1588 679 1644 discidium
693 1588 806 1645 Octavia
823 1588 940 1645 ineolumi
951 1587 1093 1660 Agrippina
1138 1589 1142 1690 p

303 1668 372 1724 haud
395 1686 504 1739 sperans,
529 1666 623 1721 crebris
647 1666 870 1735 criminationibus,
891 1664 1025 1737 aliquando
1048 1685 1093 1737 per

303 1745 407 1802 facetias
428 1744 555 1800 incusaret
575 1743 715 1816 principem
734 1749 762 1800 et
779 1743 903 1816 pupillum
919 1748 1030 1809 vocaret,
1050 1742 1094 1815 qui

303 1823 381 1894 jussis
397 1823 483 1877 alienis
500 1822 623 1878 obnoxius
637 1841 689 1878 non
704 1822 779 1877 modo
794 1823 893 1894 imperii
908 1822 954 1877 sed
968 1822 1094 1877 libertatis

283 1900 382 1958 tetiam
399 1899 531 1971 indigeret.
568 1899 621 1954 Cur
637 1901 704 1955 enim
718 1900 814 1955 differri
826 1900 928 1972 nuptias
946 1902 1027 1955 suas?
1045 1901 1095 1955 lor-

305 1996 373 2033 mam
384 1976 479 2032 scilieet
492 1975 623 2048 displicere
639 1981 666 2032 et
682 1977 847 2048 triumphales
859 1995 926 2046 avos,
939 1996 972 2032 au
983 1978 1095 2032 fecundi-

284 2061 386 2116 8tatem
412 2059 438 2112 et
463 2074 551 2112 verum
581 2055 715 2111 animum?
744 2057 838 2111 'limari
860 2075 893 2111 ne
915 2075 981 2110 uxor
1005 2057 1095 2111 saltem

305 2134 411 2206 injurias
423 2137 531 2204 patrum,
544 2133 608 2188 iram
623 2134 718 2204 populi,
731 2132 850 2188 adversus
863 2134 1006 2205 superbiam
1018 2135 1095 2189 avari-

283 2213 419 2283 suamque
430 2211 518 2266 matris
530 2210 634 2282 aperiat.
671 2210 771 2270 Quodsi
781 2230 874 2265 nurum
882 2212 1024 2283 Agrippina
1035 2232 1095 2267 non-
1140 2230 1142 2307 p

306 2289 357 2344 nisi
373 2289 424 2344 filio
441 2289 559 2344 infestam
576 2289 643 2344 ferre
659 2292 754 2359 posset,
772 2288 893 2343 reddatur
912 2289 968 2360 ipsa
986 2291 1095 2346 Othonis

285 2366 431 2438 tconjugio.
467 2366 566 2421 Ituram
578 2383 679 2436 quoquo
694 2370 827 2432 terrarum
839 2365 885 2421 nbi
900 2367 1000 2423 audiret
1011 2371 1096 2440 potius

302 2443 471 2498 contumelias
494 2443 654 2515 imperatoris
678 2461 753 2514 quam
775 2443 876 2509 viseret,
901 2445 1019 2515 periculis
1043 2448 1097 2518 ejus

285 2518 428 2580 simmista.
465 2519 530 2576 Haec
551 2524 627 2592 atque
647 2520 709 2575 talia
725 2520 834 2576 lacrimis
855 2525 882 2576 et
902 2526 957 2578 arte
978 2523 1097 2580 adulterae

307 2597 466 2668 penetrantia
488 2613 561 2654 nemo
581 2598 738 2670 prohibebat,
758 2599 920 2671 cupientibus
943 2602 1042 2656 cunetis
1062 2602 1098 2656 in·

307 2675 386 2746 friugi
408 2676 547 2745 potentiam
570 2677 666 2742 matris,
688 2681 714 2731 et
735 2677 853 2734 credente
872 2677 942 2733 nullo
965 2679 1098 2750 usquead

283 2750 402 2808 2caedem
413 2752 469 2823 ejus
482 2751 604 2808 duratura
620 2753 666 2808 filii
680 2753 745 2808 odia
781 2755 870 2810 'Ibadit
888 2755 993 2810 Cluvius
1010 2755 1098 2812 ardore

308 2827 446 2884 retinendae
457 2829 623 2901 Agrippinam
635 2832 756 2902 potentia
768 2851 799 2888 eo
810 2852 891 2904 nsque
902 2837 1055 2904 provectam,
1068 2840 1098 2889 ut

308 2905 390 2962 medio
402 2905 459 2974 dici,
472 2925 530 2963 cum
547 2906 574 2963 id
590 2908 712 2980 temporis
728 2910 800 2966 Nero
811 2930 856 2982 per
872 2910 958 2966 dnum
973 2914 1000 2966 et
1012 2911 1098 2982 epulas
