2550 3500
315 396 361 443 194
646 398 765 445 TAcITI

863 452 873 479 ⁸
939 461 1097 509 [anem

269 506 306 559 20
349 506 400 561 Sub
415 508 479 561 idem
496 512 596 578 ternpus
612 508 641 564 C.
655 510 747 575 Caesar,
767 508 905 565 discedenti
924 512 1033 580 Capreas
1052 529 1098 563 avo

313 601 403 648 comes,
426 584 561 649 Claudiam,
582 586 620 641 M.
642 586 720 641 Silani
742 587 827 652 filiam,
851 588 969 658 conjugio
992 588 1097 657 accepit,

312 661 445 714 immanem
462 662 571 716 animum
589 662 695 718 subdola
711 664 836 719 modestia
848 669 946 735 tegens,
964 682 1017 717 non
1031 663 1100 717 dam·
1143 663 1145 728 ζ

312 738 414 791 natione
432 739 526 803 matris,
539 758 591 793 non
606 740 682 795 exilio
698 740 806 795 fratrum
816 745 894 811 rupta
904 759 981 806 vocc;
1001 740 1100 811 qualem
1143 745 1145 822 Ῑ

313 813 379 868 diem
403 814 520 869 Tiberius
543 816 676 882 induisset,
700 818 756 887 pari
778 816 875 881 habitu,
899 817 968 872 haud
990 818 1099 871 multum

291 890 466 946 2distantibus
478 892 569 947 verbis.
606 892 683 949 Unde
693 912 754 948 mox
765 894 858 947 scitum
870 893 984 948 Passieni
992 896 1099 949 oratoris

313 966 409 1021 dietum
429 968 594 1039 percrebruit,
612 988 696 1041 neque
714 970 843 1025 meliorem
866 989 978 1042 unquam
998 988 1100 1025 servum

312 1062 393 1113 neque
405 1044 554 1101 deteriorem
566 1045 696 1101 dominum
707 1048 794 1103 luisse.

290 1128 305 1173 8
348 1121 408 1175 Non
428 1122 554 1177 omiserim
574 1123 725 1194 praesagium
744 1124 839 1178 Tiberii
857 1122 889 1179 de
909 1124 996 1178 Servio
1020 1125 1101 1179 Galba

312 1200 367 1251 tum
380 1198 482 1253 consule
492 1220 499 1265 ;
517 1218 592 1270 quem
604 1200 713 1255 accitum
725 1205 752 1255 et
763 1199 869 1254 diversis
876 1200 1033 1256 sermonibus
1045 1220 1100 1271 per·

312 1278 440 1329 tentatum
457 1280 586 1347 postremo
605 1277 699 1331 Graecis
716 1276 800 1331 verbis
820 1276 848 1331 iu
866 1277 931 1332 hanc
947 1278 1100 1333 sententiam

313 1350 447 1418 allocutus,
462 1356 512 1407 “et
529 1358 567 1419 tn,
586 1352 673 1419 Galba,
690 1353 841 1424 quandoque
859 1352 1007 1424 degustabis
1023 1355 1100 1425 impe-

312 1428 379 1483 rium
391 1431 422 1495 ;”
441 1448 523 1485 seram
535 1449 564 1485 aa
576 1429 677 1485 brevem
686 1431 825 1501 potentiam
833 1430 985 1501 significans,
995 1431 1101 1486 scientia

313 1506 488 1561 Chaldaeorum
508 1508 578 1572 artis,
600 1507 673 1579 cujus
689 1506 829 1577 apiscendae
846 1507 927 1561 otium
943 1508 1012 1579 apud
1028 1508 1101 1563 Rbo-

313 1582 381 1648 dum,
393 1585 544 1656 magistrum
556 1584 716 1655 Thrasyllum
731 1583 829 1649 habuit,
845 1584 963 1654 peritiam
977 1589 1034 1654 ejus
1052 1586 1100 1641 hoo

268 1664 302 1717 21
313 1660 387 1715 modo
399 1665 534 1732 expertus:
553 1661 682 1720 Quotiens
689 1660 817 1733 supertali
826 1661 929 1731 negotio
935 1661 1100 1729 consultaret,

313 1736 382 1792 edita
393 1736 482 1792 domus
493 1741 566 1809 parte
578 1756 608 1793 ac
619 1737 705 1793 liberti
715 1737 792 1792 unius
804 1737 958 1792 conscientia
968 1738 1099 1794 utebatur.

291 1813 341 1870 tls
362 1813 506 1868 litterarum
520 1814 632 1886 ignarus,
650 1832 755 1886 corpore
772 1814 863 1880 valido,
879 1833 925 1886 per
940 1815 998 1870 aria
1013 1834 1044 1872 ac
1060 1816 1102 1871 de
1143 1880 1145 1891 Ι

312 1894 389 1960 rupta
401 1892 471 1960 (nam
486 1891 554 1946 saxis
566 1891 656 1946 domus
673 1891 806 1959 imminet)
819 1892 925 1963 preibat
941 1911 1009 1958 eum,
1026 1895 1101 1966 cujus

313 1972 393 2022 artem
405 1967 513 2040 experiri
525 1968 643 2024 Tiberius
661 1969 809 2036 statuisset3
827 1973 854 2024 et
870 1969 1066 2040 regredientem,
1080 1972 1103 2026 si
1142 1909 1145 2111 4

279 2042 287 2094 ἦ
297 2045 431 2100 maritatis
443 2049 488 2100 aut
499 2045 617 2104 fraudum
629 2045 739 2116 suspicio
750 2045 895 2111 incesserat,
911 2046 940 2100 in
954 2046 1101 2119 subjeetum

290 2141 380 2186 amare
400 2122 580 2194 praecipitabat,
597 2141 630 2178 ne
646 2123 723 2178 index
742 2123 827 2178 arcani
847 2124 977 2179 existeret.
1013 2125 1103 2196 igitur

231 2256 236 2280 x
311 2200 457 2272 Thrasyllus
469 2199 551 2255 isdem
566 2200 671 2272 rupibus
689 2199 809 2254 inductus
825 2205 959 2270 postquam
977 2219 1104 2272 pereunc-

310 2280 408 2333 tantem
429 2282 604 2344 commoverat,
624 2277 758 2348 imperium
778 2277 827 2347 ipsi
841 2282 868 2332 et
882 2278 971 2332 futura
983 2278 1104 2334 sollerter

310 2355 471 2424 patefaciens,
492 2355 665 2426 interrogatur
687 2373 720 2408 an
743 2373 815 2408 suam
839 2373 939 2425 quoquc
962 2356 1102 2425 genitalem

309 2431 398 2487 horam
417 2432 601 2502 comperisset3
620 2450 695 2502 quem
715 2436 772 2486 tum
790 2449 891 2497 annum,
912 2432 1011 2504 qualem
1031 2431 1104 2488 diem
1143 2471 1145 2474 >

288 2507 422 2566 thaberet.
469 2509 517 2564 Ille
540 2509 639 2580 positus
663 2507 773 2563 siderum
796 2527 826 2564 ao
848 2509 932 2580 spatia
959 2508 1102 2576 dimensus,

309 2586 404 2641 harere
411 2587 499 2657 primo,
508 2586 566 2640 dein
576 2604 725 2656 pavescerc;
742 2589 769 2639 et
777 2590 898 2656 qnantum
911 2586 1102 2656 introspiceret,

309 2665 390 2736 magis
409 2681 438 2718 ac
456 2663 537 2734 magis
556 2663 671 2734 trepidus
691 2662 864 2718 admirationis
884 2668 911 2718 et
929 2668 1023 2730 metus,
1043 2683 1106 2736 pos·

308 2746 390 2798 tremo
407 2740 530 2795 exclamat
548 2740 695 2812 ambiguum
710 2739 759 2794 sibi
776 2759 806 2796 ac
820 2759 899 2812 prope
914 2740 1036 2796 ultimum
1051 2742 1105 2798 dis·

286 2818 511 2878 corimeninstsre.
542 2817 763 2888 Tumoomplenus
772 2837 831 2872 eum
839 2817 954 2872 'liberius
964 2820 1103 2888 praecium

308 2896 475 2969 periculorum
490 2898 517 2949 et
533 2894 683 2949 incolumem
699 2895 754 2949 fore
768 2900 902 2966 gratatnr3
919 2914 1028 2966 quaeque
1042 2897 1106 2952 dix-

307 2979 370 3041 erat,
381 2971 457 3029 oracli
466 2971 521 3028 vice
533 2970 666 3043 accipiens,
675 2971 743 3028 inter
754 2972 857 3028 intimos
869 2972 1006 3028 amicorum
1017 2977 1104 3030 tenet.
