2550 3500
427 352 622 402 ANNALIUM
641 355 662 404 J.
680 356 750 406 4-7.
979 358 995 405 ⁵

195 416 221 456 A.
231 416 260 455 u.
273 416 317 466 rep
976 422 982 432 ¹

195 466 314 533 damarim
332 483 415 536 neque
432 469 540 522 mortem
557 466 644 537 nepoti
660 484 708 522 uro
725 466 861 523 securitate
881 462 990 540 privigni

195 543 293 598 illatam
310 542 428 598 credibile
446 547 508 599 erat.
543 543 654 614 Propius
671 561 731 599 vero
755 544 883 600 'ltberinmr
900 563 930 601 ae
947 547 1016 602 Lis

143 621 144 670 l
193 622 270 687 viam,
287 621 360 676 illum
377 625 455 687 metu,
472 621 537 677 hano
553 621 727 678 novercalibus
744 623 816 689 odiis,
834 624 946 695 suspecti
963 629 990 680 et

194 697 271 753 invisi
286 697 389 769 juvenis
410 697 503 756 oedem
521 699 688 754 festinavisse.
723 700 862 755 Nuntianti
881 699 1014 757 centuri-⁶

194 775 245 841 oni,
258 779 291 831 ut
302 793 357 830 mos
369 775 473 844 militie,
485 776 580 832 factum
592 795 648 831 esse
660 776 727 848 quod
738 777 894 847 imperasset,
907 797 990 850 neque

194 852 334 924 imperasse
346 870 408 921 sese,
421 855 447 908 et
463 853 586 908 rationem
601 855 664 909 faeti
679 853 830 909 reddendam
842 855 909 926 apud
921 875 990 911 sena·

193 934 252 984 tum
263 929 404 1000 respondit.
430 930 507 990 Quod
518 933 653 1002 postquam
666 931 800 986 Sdlnstius
812 931 918 1003 Crispus
934 935 1015 1004 par-6

194 1007 277 1078 ticeps
296 1011 452 1062 secretorum
471 1007 504 1077 (is
522 1007 555 1062 ad
572 1009 704 1063 tribunum
721 1009 824 1063 miserat
842 1008 990 1080 codicillos)

194 1084 328 1155 comperit,
341 1088 456 1138 metuens
468 1103 501 1140 ue
515 1103 573 1140 reus
590 1085 748 1151 subderetur,
758 1086 836 1156 juxta
850 1086 991 1156 periodoso

194 1162 255 1216 ficta
272 1179 320 1216 seu
337 1179 397 1216 vera
412 1165 545 1232 promeret,
562 1161 662 1217 monuit
679 1163 779 1217 Liviam
794 1181 827 1218 ne
843 1181 934 1219 arcana
948 1163 991 1220 do-

194 1257 260 1304 urus,
270 1257 305 1293 ne
317 1238 421 1294 consilia
432 1239 576 1305 amicorum,
589 1240 729 1294 ministeria
740 1240 849 1295 militnm
860 1240 991 1312 vulgaren-

194 1319 246 1382 tur,
259 1334 326 1371 neve
337 1315 453 1370 Tiberius
464 1316 515 1372 vim
528 1317 684 1388 principatus
698 1317 835 1374 resolveret
851 1324 945 1375 ennete
959 1317 992 1375 ad

195 1397 313 1448 senatum
328 1392 454 1448 vocando:
473 1413 527 1448 eam
545 1395 716 1450 conditionem
731 1414 787 1451 esse
803 1396 948 1468 imperandi,
960 1401 992 1453 ut

195 1489 248 1526 non
260 1470 335 1525 aliter
346 1471 411 1526 ratio
424 1475 523 1526 mustet
535 1490 610 1542 quam
622 1473 645 1527 si
656 1472 702 1527 uni
712 1472 840 1528 reddetur.

230 1550 268 1603 At
280 1549 370 1603 &mse
387 1566 461 1604 ruere
472 1548 500 1602 in
517 1549 648 1605 servitium
664 1550 787 1616 consules,
799 1553 892 1621 patres,
905 1569 989 1622 eques.
1001 1558 1017 1617 7

196 1626 303 1685 Quanto
316 1626 372 1696 quis
384 1625 513 1692 illustrior,
526 1631 599 1682 tanto
610 1628 691 1698 magis
707 1627 764 1683 falsi
779 1645 809 1683 ac
824 1628 1016 1694 festinantem

195 1704 321 1776 vultuque
333 1703 479 1774 composito,
493 1722 525 1760 ne
540 1704 593 1761 lati
609 1723 715 1761 excessu
733 1705 853 1778 principis
868 1723 920 1762 neu
934 1707 992 1763 tris-

196 1784 275 1838 tiores
292 1780 437 1853 primordie,
451 1782 573 1849 lacrimas,
586 1782 715 1856 gaudium,
728 1788 833 1855 questus
849 1784 992 1841 adulatione

196 1860 345 1916 miscebant.
363 1861 662 1932 Sex.PompeiusetSere
668 1860 1016 1933 Apuleiusoonsmesprimie

197 1938 224 1992 iu
240 1938 320 1993 verba
336 1936 432 1993 Tiberii
450 1938 556 1993 Caesaris
579 1939 705 2011 juravere,
722 1939 840 2010 apudque
857 1958 901 1995 eos
919 1940 992 1996 Seius

199 2015 289 2071 Strabo
302 2020 329 2070 et
343 2015 372 2069 O.
382 2015 529 2081 Turranius,
539 2014 581 2071 ille
591 2016 767 2087 'praetoriarum
778 2017 919 2072 cohortium
931 2036 993 2088 prre-

198 2093 287 2157 fectus,
301 2092 344 2148 hio
360 2110 480 2159 annonam
499 2112 558 2148 mox
574 2097 679 2149 senatus
695 2094 818 2164 milesque
833 2098 860 2149 et
875 2095 991 2166 populus.

199 2170 265 2225 Nam
276 2170 394 2226 Tiberius
411 2175 503 2226 cuneta
520 2190 566 2241 per
581 2171 697 2226 eonsules
708 2171 851 2242 incipiebat,
864 2176 1018 2243 tamquam4

199 2253 283 2303 vetere
295 2266 325 2303 re
337 2247 438 2320 publica
450 2253 477 2303 et
495 2248 628 2321 ambiguus
639 2248 788 2321 imperandi
825 2248 867 2304 Ne
881 2248 1017 2305 edictumt

200 2324 299 2396 quidem
318 2342 369 2397 quo
387 2330 472 2397 potres
489 2326 517 2381 in
537 2326 632 2382 onmem
649 2325 764 2392 vocabat,
781 2326 832 2382 nisi
851 2326 993 2382 tribunicia

199 2403 333 2473 potestatis
354 2403 543 2474 prescriptione
562 2404 648 2475 posuit
667 2402 716 2459 snb
735 2406 855 2475 Augusto
876 2408 992 2475 acceptia

200 2479 284 2535 Verba
295 2480 373 2536 edicti
389 2480 461 2535 fuere
478 2498 558 2552 pauca
573 2485 600 2536 et
617 2500 695 2536 sensu
710 2480 884 2553 permodesto:
903 2481 935 2536 de
950 2482 1018 2543 boe

200 2557 303 2613 neribus
321 2558 434 2629 parentis
453 2558 636 2623 consulturum,
654 2577 738 2629 neque
755 2557 888 2614 abscedere
908 2576 924 2614 a
941 2577 994 2614 cor·

200 2652 266 2705 pore,
274 2635 352 2707 idque
363 2654 443 2690 unum
456 2654 488 2691 ex
499 2635 606 2706 publicis
617 2632 765 2691 muneribus
777 2654 907 2707 usurpare.
944 2635 1018 2694 Sed?

201 2712 319 2768 defuncto
337 2715 457 2785 Augusto
476 2713 577 2785 signum
594 2714 720 2785 praetoriis
737 2712 885 2769 cohortibus
901 2715 932 2767 ut
949 2713 994 2767 im-

200 2795 300 2861 perator
315 2789 436 2857 dederat3
455 2790 576 2857 excubia,
590 2808 666 2857 arma,
686 2795 770 2847 cetera
785 2790 863 2857 aulae;
881 2790 952 2845 miles
967 2790 996 2843 in

202 2868 290 2933 fonrm,
303 2866 376 2923 miles
388 2868 523 2923 incuriam
534 2868 711 2925 comitabatur.
745 2867 860 2922 Litteras
876 2866 909 2920 ad
924 2879 1019 2924 exer-8

202 2944 264 3001 citus
275 2948 407 3017 tamquam
419 2944 511 3017 adepto
529 2946 674 3017 principatu
689 2944 767 3010 misit,
779 2960 904 3011 nusquam
920 2958 996 2996 eunc-
