2550 3500
285 375 332 423 lua
615 370 736 419 uncum
1139 411 1140 424 ,

911 432 1074 484 [uuum
1139 429 1140 480 ξ

284 482 436 540 contrarium
462 486 574 549 vertunt,
598 487 625 539 et
648 484 733 556 gliscit
756 486 892 555 utmmque
915 485 1072 555 posteritate.

262 564 322 617 tht
343 562 443 617 Drusus
467 562 530 617 urbe
554 580 672 634 egressus
694 561 837 632 repetendis
861 562 988 632 auspiciis,
1011 578 1074 615 mox

286 658 363 695 ovans
383 638 489 693 introiit.
524 639 674 709 Paucosque
690 643 749 710 post
767 638 821 693 dies
844 638 968 709 Vipsania
989 642 1073 693 mater

285 717 342 787 ejus
362 716 478 781 excessit,
501 734 553 770 una
576 717 688 771 omnium
711 717 832 788 Agrippa
855 715 992 771 liberorum
1014 714 1074 769 miti

247 812 250 820 ’
263 793 364 856 sobitn.
400 793 468 847 Nam
480 796 576 847 eeteros
588 793 751 849 manifestum
761 794 838 862 ferro,
846 793 888 848 vel
898 792 1022 848 creditum
1033 796 1075 847 eat

285 888 381 924 veneno
394 874 437 924 aut
449 870 522 938 same,
534 870 681 925 exstinctos.

241 954 279 1007 20
319 946 417 1001 Eodem
434 964 499 1001 anno
511 946 664 1012 Tacfarinas,
677 965 753 1017 quem
769 946 853 1017 priore
868 949 958 1001 estate
972 945 1074 1017 pulsnm
1141 983 1142 1012 ,

287 1042 303 1079 a
322 1023 427 1078 Oannllo
444 1023 587 1089 memoravi,
608 1023 701 1079 bellum
718 1023 746 1078 in
762 1024 850 1077 Africa
872 1027 984 1087 renovat,
1003 1022 1075 1093 vagis

286 1102 395 1172 primum
407 1099 610 1172 populationibus
627 1104 654 1155 et
670 1100 702 1155 ob
719 1100 893 1170 pernicitatem
905 1100 1000 1164 inuitis,
1014 1098 1076 1154 dein

287 1179 356 1233 meos
380 1176 533 1242 exscindere,
558 1178 659 1232 trahere
681 1196 771 1249 graves
794 1176 909 1247 pradas3
938 1180 1074 1247 postremo,

286 1254 355 1309 haud
370 1254 458 1325 procul
473 1253 577 1325 Pagyda
593 1255 704 1319 flumine,
722 1254 852 1309 cohortem
868 1254 1012 1309 Romanam
1028 1254 1076 1307 cir·

266 1331 418 1387 2cumsedit.
454 1330 565 1386 Praeerat
577 1332 681 1387 castello
693 1331 807 1395 Decrius,
821 1330 927 1401 impiger
938 1348 1022 1396 manui,
1032 1348 1075 1385 ex·

288 1409 382 1463 arcitus
403 1408 499 1473 militia,
518 1412 544 1463 et
562 1408 630 1463 illam
653 1408 808 1463 obsidionem
825 1407 916 1479 flagitii
932 1411 1012 1463 ratus.
1046 1406 1075 1461 is

288 1486 434 1539 cohortatus
446 1484 539 1540 milites
555 1490 585 1539 nt
601 1486 698 1557 copiam
715 1503 806 1556 pugnae
817 1484 846 1538 in
857 1488 944 1555 aperto
955 1484 1076 1552 facerent,

267 1562 366 1618 taciem
377 1580 423 1633 pro
435 1562 525 1617 castris
537 1562 649 1617 instruit.
684 1562 820 1633 Primoque
836 1560 935 1632 impetu
949 1561 1024 1631 pulsa
1035 1579 1076 1615 oo·

288 1640 369 1705 horte,
380 1643 511 1710 promptus
522 1639 589 1693 inter
597 1640 650 1693 tela
661 1643 776 1695 occursat
787 1638 952 1710 fugientibus,
962 1639 1076 1709 increpat

289 1716 430 1788 signiferos,
449 1715 516 1788 quod
533 1715 667 1771 inconditis
686 1720 730 1771 aut
746 1715 917 1772 desertoribus
934 1715 1006 1772 miles
1023 1715 1078 1770 Ro-

288 1812 377 1852 manns
394 1797 468 1864 terga
485 1793 575 1858 daret;
599 1793 675 1848 simul
691 1797 797 1864 excepta
813 1794 925 1859 vulnera
944 1797 980 1858 et,
998 1811 1078 1863 qnan-

289 1888 364 1940 quam
381 1869 521 1924 transfosso
533 1868 612 1936 oculo,
624 1869 757 1924 adversum
769 1889 801 1939 os
810 1871 837 1924 in
848 1871 947 1925 hostem
956 1868 1076 1935 intendit,
1144 1864 1145 1877 ¹

289 1965 370 2018 neque
391 1946 507 2018 proelinm
531 1947 623 2011 omisit,
649 1946 728 2002 donec
751 1946 867 2002 desertus
890 1947 943 2001 suis
966 1945 1077 2002 caderet

246 2023 355 2084 21Quae
373 2027 506 2094 postquam
523 2022 555 2078 L.
567 2024 680 2094 Apronio
694 2025 763 2094 (nam
780 2023 885 2078 Camillo
901 2024 1077 2092 successerat)

291 2104 426 2172 comperta,
446 2099 525 2172 magis
544 2099 665 2155 dedecore
683 2119 786 2155 suorum
804 2119 878 2171 qnam
899 2100 979 2171 gloria
996 2100 1079 2155 hostis

291 2179 387 2243 anxius,
398 2195 455 2232 raro
467 2195 497 2232 ea
507 2181 660 2248 tempestate
672 2181 698 2233 et
708 2196 722 2232 e
731 2181 817 2232 vetere
828 2177 948 2232 memoria
958 2177 1078 2242 facinore,

291 2254 415 2310 decimum
433 2271 556 2326 quemque
574 2255 745 2326 ignominiosa
762 2253 881 2318 cohortis,
894 2258 963 2308 sorte
978 2253 1078 2319 ductos,

183 2376 185 2381 .
269 2332 446 2388 2fustinecat.
482 2332 641 2403 Tantumque
653 2331 787 2386 severitate
798 2330 948 2401 protectum,
960 2335 991 2384 ut
1002 2331 1079 2386 vexil-

292 2408 344 2463 ium
361 2413 543 2473 veteranorum,
556 2427 607 2462 non
624 2408 731 2479 amplius
748 2408 880 2478 quingenti
895 2426 1008 2473 numero,
1026 2426 1080 2462 eas·

293 2484 350 2538 dem
370 2485 535 2540 Tacfarinatis
554 2485 646 2556 copias,
663 2484 808 2556 presidium
827 2484 869 2538 eui
889 2484 968 2538 Thala
987 2502 1081 2540 nomeu

271 2577 432 2633 suggressus,
451 2561 569 2616 fuderint.
606 2561 666 2620 Quo
683 2561 770 2632 proelio
791 2560 876 2614 Rufus
894 2561 1011 2626 Helvius,
1024 2579 1081 2632 gre

293 2639 378 2710 garius
391 2639 469 2704 miles,
483 2638 576 2694 servati
589 2639 650 2694 civis
662 2639 739 2693 decus
747 2637 855 2703 rettulit,
869 2637 1027 2710 donatusque
1038 2643 1080 2695 cst

272 2715 324 2778 aab
337 2715 448 2786 Apronio
460 2715 592 2786 torquibus
605 2721 631 2770 et
648 2715 728 2770 hasta
764 2715 849 2769 Caesar
860 2714 957 2770 addidit
976 2717 1082 2772 civicam

294 2812 417 2858 coronam,
432 2791 501 2862 qnod
511 2810 562 2846 non
573 2810 628 2846 eam
641 2810 740 2862 qnoque
756 2792 885 2862 Apronius
900 2792 959 2862 jure
973 2811 1081 2863 procon-

271 2871 355 2928 tsulis
378 2870 517 2934 tribuisset,
543 2872 648 2938 questus
669 2868 750 2940 magis
774 2887 849 2939 quam
875 2869 993 2925 offensus.
1030 2870 1082 2926 Sed

287 2947 444 3018 bacterium,
457 2944 577 3018 perculsis
590 2944 708 3000 Numidis
724 2950 751 2999 et
768 2945 866 3000 obsidia
879 2945 1080 3016 aspemuntibns,
