2550 3500
283 356 331 403 222
621 352 741 401 ΤΔΟΙΤΙ

913 413 948 462 [a
959 414 987 455 n.
996 416 1020 455 c.
1030 415 1078 456 coc.

236 466 273 521 16
316 464 414 521 Eodem
425 482 491 521 auno
503 464 691 521 Cheruscorum
701 481 765 535 gens
777 480 865 535 regem
878 462 962 519 Roma
973 465 1077 536 petivit,

281 543 380 597 amissis
392 561 438 613 per
449 542 549 597 interna
557 542 622 597 bella
630 542 766 607 nobilibus,
776 545 803 596 et
814 558 866 597 ono
877 540 976 612 reliquo
986 542 1079 614 stirpis

281 618 366 690 regim,
391 620 435 690 qui
458 618 525 690 apud
548 618 637 675 urbem
659 618 808 684 habebatur,
832 617 935 673 nomine
958 619 1077 675 Italicus.

258 696 421 751 2Patemum
444 696 504 751 buic
527 714 607 767 genus
625 714 641 751 e
658 696 736 752 Flavo
753 695 833 750 fratre
850 694 968 760 Arminii,
991 702 1079 751 mater

282 773 448 828 eCatumero
468 773 579 844 principe
598 773 752 829 Chattorum
767 775 838 838 erat3
860 771 915 843 ipse
933 772 1016 827 forma
1031 772 1079 828 de-

283 868 365 915 corus,
378 855 405 905 et
417 852 492 905 armis
505 851 626 922 equisque
637 851 666 905 in
676 851 789 922 patrium
799 853 966 920 nostrumque
977 868 1079 906 morem

260 929 419 983 teneruitus.
466 928 552 1000 Igitur
570 930 653 983 Caesar
669 931 773 983 auctum
787 926 902 998 pecunia
919 925 1013 981 additis
1031 928 1079 983 sti·

284 1004 422 1076 patoribus,
446 1006 564 1060 bortatur
588 1004 684 1077 gentile
710 1004 787 1059 decus
810 1021 903 1075 magno
926 1004 1009 1059 animo
1034 1022 1079 1060 ea-

282 1100 400 1153 pessere:
419 1083 490 1137 illum
507 1083 616 1154 primum
633 1083 723 1137 Roma
734 1085 827 1147 ortum,
839 1099 887 1135 nec
904 1079 1018 1136 obsidem
1030 1082 1080 1137 sed
1145 1089 1147 1140 l

257 1160 370 1226 Acirem
394 1160 431 1216 ire
455 1164 587 1215 externum
611 1159 644 1214 ad
663 1159 804 1230 imperium.
840 1162 879 1213 Ac
898 1158 980 1228 primo
998 1158 1079 1215 lactus

282 1238 414 1293 Germanis
438 1237 568 1302 adventus,
589 1240 666 1307 atque
686 1254 725 1300 eo,
750 1234 819 1307 quod
841 1234 918 1289 nullis
942 1234 1078 1291 discordiis

281 1314 394 1370 imbutus
418 1315 472 1386 pari
496 1315 523 1369 in
540 1332 626 1369 omnes
645 1312 730 1367 studio
749 1315 843 1384 ageret,
862 1310 990 1377 celebrari,
1009 1313 1076 1380 coli3

281 1391 356 1446 modo
368 1392 512 1447 comitatem
525 1395 551 1446 et
568 1390 763 1461 temperantiam
779 1389 843 1443 nulli
856 1388 970 1456 invisam,
983 1390 1078 1460 saepius

258 1470 444 1525 cvinolentiam
456 1488 485 1524 ac
493 1468 618 1533 libidines,
629 1472 703 1539 grata
710 1466 831 1539 lpsrbaris,
842 1484 976 1536 usurpans.
1006 1467 1025 1520 J
1025 1486 1078 1521 am-

282 1566 332 1617 que
344 1546 410 1618 apud
422 1547 557 1617 proximos,
568 1546 621 1617 jam
632 1544 733 1616 longius
746 1544 898 1608 clarescere3
916 1561 975 1597 cum
987 1549 1078 1614 poten·

281 1625 344 1679 tiam
356 1624 411 1695 ejus
423 1628 607 1695 suspectantes
621 1622 665 1693 qui
677 1621 828 1677 factionibus
837 1621 982 1685 floruerunt,
996 1620 1078 1677 disce·

282 1700 347 1756 dunt
368 1702 400 1756 ad
420 1702 592 1760 conterminos
615 1699 728 1772 populos,
753 1717 782 1754 ac
805 1697 975 1754 testificantur
998 1698 1079 1755 adimi
1147 1731 1149 1738 ·

282 1785 394 1834 voterem
411 1779 551 1834 Germania
568 1778 711 1833 libertatem
729 1782 756 1832 et
772 1776 899 1830 Romanas
915 1794 976 1846 opes
992 1777 1079 1832 insur-

259 1864 350 1926 6gere.
386 1855 458 1910 Adeo
477 1855 602 1910 neminem
619 1855 700 1910 isdem
713 1855 740 1909 in
752 1853 827 1908 terris
845 1858 938 1917 ortum,
952 1853 998 1923 qui
1007 1855 1078 1924 prin·

282 1932 362 2004 cipem
374 1931 457 1986 locum
474 1932 585 2003 impleat,
602 1932 652 1987 nisi
670 1931 835 2002 exploratoris
851 1930 924 1984 Flavi
940 1931 1078 2002 progenies

258 2017 271 2068 7
283 2029 359 2081 super
371 2018 475 2064 cunctos
488 2009 641 2064 attollatur?
658 2009 766 2064 Frustra
774 2008 917 2062 Arminium
928 2008 1076 2078 prescribi:

283 2089 356 2158 cujus
377 2087 399 2141 si
420 2087 493 2152 iilius,
509 2086 596 2142 hostili
616 2086 644 2140 in
663 2086 717 2140 solo
738 2085 848 2149 adultus,
864 2085 893 2140 in
910 2103 1018 2156 regnum
1034 2105 1078 2141 re-

282 2165 369 2229 nisset,
380 2182 453 2235 posse
461 2164 598 2228 extirnesei,
609 2163 733 2218 infectum
741 2162 865 2227 alimonie,
875 2162 987 2230 servitio,
994 2162 1076 2229 cultu,

258 2249 272 2294 8
283 2242 398 2296 omnibus
408 2241 527 2296 externis.
559 2241 595 2295 At
605 2241 627 2294 si
636 2244 743 2311 paterna
753 2239 846 2294 italico
857 2257 928 2294 mens
937 2243 1014 2304 esset,
1023 2258 1078 2295 non

284 2317 360 2372 alium
383 2319 507 2373 Artemius
526 2335 596 2372 arma
613 2320 703 2372 contra
719 2316 827 2388 patriam
843 2334 874 2371 ac
891 2315 952 2372 deos
969 2322 1077 2387 penates

238 2406 359 2466 17quarn
382 2399 511 2466 parentem
537 2396 592 2466 ejus
617 2394 768 2450 exercuisse
804 2394 856 2449 His
879 2397 957 2464 atque
980 2395 1076 2451 talibus

283 2491 387 2544 magnas
397 2473 481 2544 copias
493 2478 606 2544 co'c'gere.
643 2472 701 2527 Neo
712 2471 842 2543 pauciores
854 2470 974 2526 Italicum
986 2490 1077 2543 seque·

283 2549 383 2604 buntur.
420 2550 482 2604 Non
505 2550 572 2604 enim
589 2550 711 2620 irrupisse
733 2548 766 2603 ad
783 2549 885 2614 invitos,
904 2547 949 2604 sed
965 2550 1077 2606 accitum

259 2626 463 2683 amcrnorabcut.
499 2625 609 2686 Quando
626 2626 759 2681 nobilitate
776 2629 874 2681 ceteros
890 2625 1009 2692 anteiret,
1025 2627 1078 2682 rir-

283 2708 365 2758 tutem
379 2702 561 2773 experirentur,
575 2721 607 2757 an
619 2702 724 2773 dignum
740 2721 768 2757 se
779 2706 871 2773 patruo
886 2703 1011 2769 Arminio,
1029 2723 1077 2760 aro

258 2781 421 2836 centenero
441 2779 573 2850 preberet.
610 2780 668 2834 Nec
685 2783 783 2850 patrem
800 2779 894 2846 rubori,
913 2779 982 2851 quod
999 2780 1078 2837 fidem

283 2859 404 2914 adversus
416 2858 545 2912 Romanos
558 2855 702 2911 volentibus
720 2857 852 2912 Germanis
868 2860 996 2928 sumptam
1012 2877 1077 2913 nun-

259 2948 359 3008 squarn
382 2934 516 2991 omisbsct.
552 2933 627 2992 ruso
651 2933 776 2992 libertatis
800 2934 949 2992 vocabulum
969 2934 1078 2992 obtendi
