2550 3500
142 3124 174 3224 t

323 402 355 464 ta
657 415 777 464 sacrm
883 403 887 413 '
1008 466 1010 469 ,
1041 467 1047 472 ,

947 477 983 527 [Α.
993 476 1021 516 u.
1031 477 1055 516 c.
1069 475 1113 518 ree.

323 527 467 594 continuus,
491 529 536 582 aut
558 527 669 584 modicas
692 528 788 584 insulas
815 527 1021 591 circumveniens,
1047 528 1114 597 apud

323 604 475 676 principium
491 605 546 676 agri
563 605 656 660 Batavi
672 606 786 661 velutin
803 605 867 660 dnos
884 623 970 658 amnes
982 603 1113 669 dudan,

324 685 459 752 servatque
469 700 563 737 nomen
574 685 600 738 et
612 682 757 738 violentiam
769 701 867 748 cursus,
883 699 934 753 qua
952 682 1114 736 Germaniam

322 759 484 829 praeuehitur,
501 759 581 816 donee
599 761 701 815 Oceano
719 760 871 816 misceatur:
890 758 923 814 ad
940 759 1064 814 Gallicam
1081 759 1115 812 ri-

322 853 382 906 pam
402 836 477 892 latior
500 841 526 892 et
549 837 671 909 placidior
693 837 823 904 adfluens3
846 854 921 893 verso
944 840 1114 908 cognomento

326 916 442 969 Vahalem
458 914 555 972 ¹accolae
579 914 683 982 dieunt;
706 933 767 970 mox
788 914 816 971 id
839 932 939 986 quoque
962 913 1114 969 vocabulum

323 995 406 1046 mutat
424 992 501 1046 Mosa
516 992 628 1058 flumine,
642 993 747 1064 ejusque
763 992 886 1048 immenso
901 1010 946 1046 ore
962 991 1072 1046 eundem
1087 992 1114 1045 in

298 1069 453 1126 7Cceenum
465 1069 610 1125 effunditur.
637 1070 688 1125 Sed
700 1071 792 1136 Caesar,
805 1069 867 1124 dum
878 1069 1016 1140 adiguntur
1028 1087 1113 1135 naves,

324 1147 413 1201 Silium
436 1147 549 1216 legatum
572 1165 630 1203 cum
654 1147 773 1220 expedita
795 1165 873 1202 manu
894 1147 1063 1218 irruptionem
1087 1147 1114 1200 in

323 1224 430 1279 Chattos
448 1225 531 1280 iacere
546 1224 634 1296 jubet:
653 1225 708 1296 ipse
724 1225 811 1280 audito
822 1224 954 1280 castellum
965 1224 1057 1296 Lupia
1067 1225 1115 1279 fiu-

299 1301 384 1357 amini
395 1302 539 1373 appositum
550 1302 668 1369 obsideri,
681 1322 725 1358 sex
736 1303 849 1375 legiones
860 1320 890 1358 eo
902 1301 984 1357 duxit.
1020 1302 1114 1374 Neque

322 1379 383 1434 Silio
398 1379 430 1435 ob
446 1380 544 1436 subitos
559 1381 653 1436 imbres
669 1381 739 1436 aliud
752 1384 837 1436 aetum
855 1398 930 1452 quam
941 1383 972 1434 ut
987 1380 1114 1436 modicam
1135 1420 1137 1455 ;

320 1456 431 1528 praedam
448 1461 475 1512 et
490 1457 555 1530 Arpi
572 1459 692 1530 principis
704 1458 857 1514 Chattorum
872 1457 1007 1529 conjugem
1024 1457 1114 1513 filiam·
1135 1462 1137 1467 '

321 1553 371 1606 que
387 1539 504 1607 reperet3
522 1554 605 1606 neque
621 1535 718 1591 Caesari
737 1536 835 1606 copiam
854 1553 947 1607 pugna
965 1534 1113 1591 obsessores

298 1612 409 1679 efacere,
427 1611 460 1668 ed
474 1613 567 1668 iamam
583 1612 707 1668 adventus
724 1613 780 1684 ejus
792 1611 889 1683 dilapsi.
925 1611 1061 1667 Tumulum
1075 1617 1114 1668 ta-

319 1708 378 1744 men
386 1707 467 1762 nuper
474 1690 590 1744 Varianis
602 1690 743 1763 legionibus
753 1693 878 1744 structum
888 1692 915 1745 et
923 1692 1035 1744 veterem
1043 1708 1114 1745 aram

298 1768 406 1823 tDruso
419 1768 493 1823 sitam
506 1767 664 1839 disjecerant.
687 1769 815 1824 Restituit
826 1786 903 1834 mam,
916 1767 1057 1840 honorique
1069 1788 1114 1837 pa-

320 1844 367 1899 tris
383 1845 499 1917 princeps
511 1845 566 1917 ipse
578 1864 635 1901 oum
649 1845 790 1917 legionibus
806 1845 965 1901 decucurrit:
983 1846 1115 1901 tumulum

299 1922 412 1978 titerare
428 1922 497 1977 haud
513 1922 604 1978 visum
639 1923 676 1979 llt
692 1928 784 1979 cuncta
798 1923 866 1978 inter
881 1922 1013 1979 castellum
1029 1924 1115 1979 Aliso

320 2018 377 2055 nem
390 2018 420 2055 ac
431 2000 551 2055 Rhenum
561 2000 633 2057 novis
646 2001 770 2056 limitibus
782 2001 968 2073 aggeribusque
983 2003 1115 2073 permuni-

296 2078 355 2133 ata.
382 2078 490 2149 Jamque
502 2077 588 2133 classis
600 2078 743 2145 advenerat,
752 2096 818 2144 cum,
828 2078 957 2151 premisso
968 2084 1115 2134 commeatu

320 2160 346 2211 et
359 2155 502 2211 distributis
514 2156 541 2211 in
552 2156 664 2227 legiones
681 2174 710 2211 ac
726 2157 808 2212 socios
822 2156 938 2222 naribus,
956 2156 1053 2211 fossam
1070 2159 1115 2213 oui

319 2236 453 2289 Drusianae
472 2251 564 2288 nomen
584 2234 723 2305 ingressus,
743 2238 912 2306 precatusque
934 2234 1050 2289 Drusum
1070 2254 1114 2306 pe

319 2315 392 2377 trem,
411 2314 442 2375 ut
461 2329 489 2367 se
508 2310 595 2365 eadem
611 2328 702 2365 ausum
717 2310 798 2367 libens
815 2311 980 2383 placatisque
995 2314 1114 2384 exemplo

319 2406 349 2444 ac
369 2389 490 2445 memoria
510 2388 673 2445 consiliorum
693 2393 770 2461 atque
790 2408 895 2461 operum
911 2390 1020 2461 juvaret,
1039 2390 1114 2446 lacus

318 2466 377 2521 inde
398 2471 425 2522 et
443 2467 573 2522 Oceanum
590 2466 722 2539 usquead
741 2467 865 2522 Amisiam
884 2468 980 2522 flumen
999 2468 1115 2523 secunda

296 2544 479 2617 2navigatione
497 2545 652 2616 pervehitur.
689 2544 784 2600 Classis
807 2544 908 2600 Amisia
929 2545 1025 2609 relicta,
1046 2545 1113 2601 laevo

319 2641 392 2678 amne
401 2645 408 2689 ;
428 2626 589 2695 erratumque
609 2623 638 2677 in
656 2640 687 2678 eo
706 2622 775 2694 quod
790 2640 842 2677 uon
856 2622 981 2678 subvexit.
1017 2623 1113 2678 'lhans-

317 2700 404 2773 posuit
416 2700 522 2755 militem
534 2700 636 2756 dextras
647 2700 676 2755 in
687 2703 769 2756 terras
780 2700 892 2755 iturum:
911 2700 949 2755 ita
957 2700 1043 2772 plures
1055 2701 1113 2757 dies

296 2777 454 2838 aefficiendis
478 2776 598 2847 pontibus
623 2777 758 2848 absumpti.
793 2778 830 2833 Et
852 2796 931 2848 eques
954 2777 1058 2849 quidem
1082 2798 1113 2835 ac

317 2856 430 2929 legiones
442 2855 524 2927 prima
539 2854 664 2920 aestuaria,
677 2854 788 2909 nondum
805 2855 966 2911 adcrescente
983 2856 1060 2921 unda,
1074 2858 1114 2913 in-

318 2934 412 3007 trepidi
423 2933 562 2989 transierc:
581 2934 739 3004 postremum
751 2933 902 2988 auxiliorum
920 2952 1019 3005 agmen,
1033 2934 1114 2990 Bata·

317 3012 393 3085 vique
405 3011 433 3067 in
444 3014 517 3083 parte
528 3028 566 3077 ea,
581 3009 640 3065 dum
653 3009 778 3065 insultant
794 3012 867 3083 aquis
885 3014 1016 3083 artemque
1033 3013 1113 3069 naudi
