2550 3500
285 608 318 667 c.
341 606 601 693 oopmuurr
641 605 825 667 raorrr

317 784 365 837 AB
382 783 535 839 Excussa
552 784 633 838 DIVI
651 783 804 838 AUGUSTI

149 957 933 1051 -ANNALIUM

332 1142 445 1199 LIBER
462 1142 597 1198 SEXTUS
614 1142 787 1199 DECIMUS.

202 1419 311 1473 Iruusrr
329 1416 419 1473 dehinc
430 1418 529 1473 Neroni
540 1418 644 1473 fortuna
659 1436 705 1489 per
719 1417 858 1473 vanitatem
873 1417 978 1489 ipsiusl

166 1499 194 1550 et
212 1495 335 1565 promissa
355 1494 455 1550 Caeselli
471 1495 554 1561 Bassi,
573 1496 617 1566 qui
634 1495 732 1567 origine
748 1496 851 1561 Poenus,
869 1500 954 1551 mente

165 1570 276 1637 turbida,
300 1573 431 1627 nocturnae
454 1572 547 1642 quietis
569 1572 705 1644 imaginem
728 1572 760 1627 ad
788 1590 858 1643 spem
886 1572 955 1628 haud

166 1648 268 1703 dubiam
286 1648 400 1715 retraxit,
425 1655 564 1719 vectusque
585 1649 702 1715 Romam,
720 1649 840 1721 principis
858 1648 955 1705 aditum

166 1728 313 1792 emereatur,
327 1725 452 1797 expromit
466 1729 596 1798 repertum
606 1726 634 1782 in
646 1744 707 1799 agro
722 1744 769 1782 suo
781 1744 883 1799 specum
898 1726 955 1783 alti-

165 1804 254 1858 tudine
271 1803 400 1869 immensa,
414 1821 464 1874 quo
482 1822 573 1875 magua
588 1805 627 1859 ris
639 1804 696 1859 auri
712 1805 891 1874 contineretur,
903 1823 955 1860 nou

165 1883 307 1936 informem
316 1880 436 1951 pecunia,
445 1879 491 1936 sed
499 1881 557 1936 rudi
566 1884 592 1936 et
600 1881 704 1953 antiquo
712 1882 829 1953 pondere.
847 1882 977 1939 Interest

165 1958 259 2029 quippe
270 1975 411 2029 praegraves
418 1958 510 2029 jacere,
521 1959 664 2014 astantibus
673 1962 745 2031 parte
755 1959 804 2014 alia
815 1959 953 2025 columnis3

165 2053 222 2105 quae
231 2053 277 2104 per
285 2039 386 2090 tantum
395 2034 444 2090 aevi
452 2035 551 2092 occulta
560 2035 682 2108 ungendis
693 2035 860 2107 presentibus
871 2035 953 2091 bonis.

166 2113 294 2177 Ceterum,
306 2116 337 2167 ut
349 2112 495 2184 conjectura
511 2112 703 2177 demonstraret,
717 2113 785 2166 Dido
796 2111 976 2174 Phoeuissams

165 2191 233 2261 Tyro
244 2189 378 2260 profugam
393 2189 496 2244 condita
511 2189 665 2259 Carthagine
677 2189 732 2244 illas
747 2207 808 2259 opes
820 2189 954 2258 abdidisse,

165 2286 198 2322 ne
216 2283 298 2320 novus
318 2265 427 2338 populus
447 2266 525 2320 nimia
540 2267 648 2336 pecunia
664 2265 799 2331 lasciviret,
818 2269 863 2320 aut
880 2285 955 2338 reges

165 2343 343 2406 Numidarum.
363 2347 390 2398 et
411 2343 472 2398 alias
489 2343 590 2409 infensi,
605 2341 722 2413 cupidine
741 2342 797 2397 auri
812 2342 845 2398 ad
861 2343 955 2399 bellum

165 2420 370 2476 accenderentur.
406 2420 493 2491 Igitur
507 2419 586 2484 Nero,
603 2437 656 2473 non
674 2419 793 2484 auctoris,
805 2438 858 2475 nou
874 2421 979 2493 ipsius2

165 2497 263 2569 negotii
274 2497 324 2551 fide
335 2496 397 2551 satis
410 2499 531 2567 spectata,
545 2514 591 2550 nec
603 2495 687 2550 missis
699 2515 744 2567 per
756 2514 820 2568 quos
837 2502 954 2554 nosceret

165 2594 199 2630 au
210 2591 271 2628 vera
282 2573 439 2638 afferrentur,
452 2576 530 2644 auget
541 2572 610 2628 ultro
621 2590 757 2642 rumorem,
768 2573 898 2646 mittitque
911 2578 954 2647 qui

164 2651 237 2707 velut
248 2653 347 2721 partam
358 2648 468 2720 praedam
480 2648 643 2704 adveherent,
679 2649 782 2705 Danttu
799 2651 915 2707 triremes
927 2658 976 2714 eta

165 2729 293 2785 delectum
316 2726 445 2797 navigium
465 2726 583 2796 juvanda
606 2726 770 2782 festinationi.
806 2727 863 2784 Neo
886 2727 955 2784 aliud

165 2824 213 2876 per
230 2801 287 2858 illos
308 2801 361 2858 dies
380 2802 489 2873 populus
512 2803 670 2869 credulitate,
694 2804 831 2874 prudentes
855 2803 955 2860 diversa

165 2884 235 2938 fama
245 2880 335 2935 tulere.
370 2881 410 2934 Ae
421 2879 488 2934 forte
500 2879 685 2952 quinquennale
703 2880 827 2936 ludicrum
843 2881 976 2942 secundos

166 2960 250 3015 lustro
261 2956 434 3013 celebrabatur
441 2978 449 3024 ;
467 2957 664 3026 †aoaratoribus
673 2959 846 3028 (conmoritur
857 2958 882 3028 l)
901 2977 954 3016 ora-
