2550 3500
299 364 348 411 244
633 359 753 407 TACITI

878 422 912 469 [A.
922 422 950 460 11.
959 424 982 462 0.
991 423 1036 470 802,
1045 425 1090 464 803.

300 475 377 528 tuoso
388 472 452 527 mari
463 492 470 538 ;
489 470 520 526 ad
532 471 580 526 hoc
591 489 666 542 reges
678 471 783 535 feroces,
794 488 873 542 vagos
882 472 996 542 populos,
1007 474 1094 528 solum

301 550 406 621 frugum
418 567 510 621 egens;
530 552 586 602 tum
598 548 702 602 taedium
715 567 748 603 ex
764 566 842 613 mora,
859 548 971 619 pericula
986 568 1020 603 ex
1034 569 1093 622 pro

301 627 424 697 perantia,
445 626 569 680 modicam
588 624 727 680 victoribus
750 625 858 694 laudem,
879 644 909 681 ac
924 626 1036 682 multum
1052 630 1093 682 in·

278 704 391 769 arania,
405 704 428 759 si
438 703 599 774 pellerentur.
636 703 708 762 Quin
719 704 841 774 arriperet
849 703 935 758 oblata
941 708 968 759 et
976 709 1093 760 servaret

302 782 419 847 exulem
438 780 480 835 cui
496 779 566 850 inopi
578 784 674 851 quanto
689 780 830 851 longiorem
841 780 927 846 vitam,
940 786 1016 836 tanto
1033 782 1093 852 plus

278 858 419 930 dsupplicii
430 858 492 913 lore.
527 857 578 912 His
590 869 721 928 permotus
733 858 835 929 scripsit
848 858 957 924 Eunoni
970 859 1093 914 meritum

302 936 404 1007 quidem
414 934 551 991 novissima
562 934 677 1005 exempla
687 935 863 1001 Mithridaten,
875 954 923 991 nec
934 936 984 991 sibi
994 936 1048 991 vim
1059 936 1093 991 ad

302 1012 476 1084 exequendum
500 1012 603 1068 deesse:
622 1031 711 1067 verum
733 1013 771 1067 ita
793 1013 930 1085 majoribus
958 1014 1091 1085 placitum,

302 1096 398 1161 quanta
408 1090 548 1161 pervicacia
558 1089 586 1145 in
597 1089 705 1158 hostem,
716 1092 790 1144 tanta
796 1090 962 1146 beneficentia
968 1090 1091 1147 adsersus

302 1167 427 1239 supplices
439 1166 569 1222 utendum.
604 1167 630 1221 N
631 1185 673 1220 am
683 1166 825 1238 triumphos
837 1167 870 1222 de
880 1167 981 1239 populis
991 1169 1091 1240 regnis

257 1243 291 1299 21
302 1262 351 1315 qne
374 1244 480 1315 integris
504 1242 607 1314 acquiri.
643 1242 763 1299 Traditus
786 1244 893 1314 posthac
915 1244 1090 1313 Mithridates,

301 1325 440 1391 vectusque
460 1321 569 1376 Romam
586 1338 632 1391 per
650 1320 756 1375 Junium
771 1320 884 1376 Gitonem
900 1326 1091 1392 procuratorem

301 1398 386 1464 Ponti,
400 1398 508 1453 ferocius
520 1416 595 1469 quam
606 1415 654 1468 pro
665 1397 769 1451 fortuna
784 1397 933 1453 disseruisse
950 1398 1019 1469 apud
1037 1399 1090 1454 Cre

302 1495 384 1532 sarem
403 1475 551 1540 ferebatur3
569 1474 685 1545 elataque
705 1493 756 1529 vox
773 1475 829 1547 ejus
847 1475 876 1530 in
894 1475 1001 1548 vulgum
1020 1476 1090 1531 bisce

300 1554 392 1622 verbis,
407 1554 492 1607 “Non
506 1571 561 1607 sum
580 1552 701 1607 remissus
721 1551 755 1606 sd
771 1556 806 1620 te,
829 1551 877 1607 sed
896 1571 1031 1608 reversus:
1049 1553 1090 1608 vel

278 1631 325 1686 2si
342 1649 394 1685 non
413 1629 502 1695 credis,
522 1628 622 1684 dimitte
641 1632 668 1683 et
686 1629 795 1700 quare.'’
830 1628 915 1684 Vultu
934 1648 1037 1702 quoque
1053 1631 1089 1685 in-

300 1708 391 1764 territo
411 1706 556 1779 permansit,
577 1723 635 1762 cnm
656 1706 754 1761 Rostra
771 1706 853 1778 juxta,
874 1706 1025 1764 custodibus
1043 1708 1090 1764 cir-

301 1785 443 1849 cumdatus,
456 1784 523 1839 visui
534 1783 626 1855 populo
637 1783 801 1854 preberetur.
819 1785 968 1840 consularia
978 1786 1090 1859 insignis

302 1863 391 1926 Ciloni,
405 1861 504 1932 Aquila
514 1860 633 1931 pretoria
645 1860 822 1916 decernuntur.

255 1937 292 1992 22
336 1938 421 1994 Isdem
433 1937 577 1993 consulibus
590 1941 664 1992 atrox
676 1937 728 1992 odii
744 1938 886 2010 Agrippina
900 1957 931 1995 ao
946 1939 1038 1996 Lollira
1052 1941 1090 1995 in·

300 2017 379 2082 tensa,
393 2015 460 2087 qnod
472 2033 558 2070 secum
569 2013 601 2070 de
616 2015 776 2070 matrimonio
793 2016 914 2088 principis
930 2018 1088 2084 certavisset,

300 2093 404 2148 molitur
415 2092 519 2148 crimina
531 2094 558 2146 et
570 2096 749 2158 accusatorem,
762 2093 807 2164 qui
818 2093 938 2165 objiceret
947 2095 1088 2161 Chaldaeos,

300 2190 395 2244 magos,
419 2171 654 2242 interrogatumque
676 2170 801 2242 Apollinis
826 2171 905 2226 Clarii
927 2171 1089 2228 simulacrum

278 2264 376 2319 2super
387 2249 483 2320 nuptiis
495 2247 661 2318 imperatoris.
696 2246 765 2302 Exin
776 2247 905 2314 Claudius,
913 2248 1030 2304 inaudita
1036 2269 1088 2315 rea,

300 2327 380 2381 multa
392 2325 423 2380 de
435 2324 583 2380 claritudine
595 2324 650 2394 ejus
662 2324 729 2396 apud
740 2329 856 2380 senatum
863 2326 993 2396 prefatus,
1002 2345 1088 2382 sorore

299 2403 331 2458 L.
344 2403 444 2458 Volusii
455 2403 574 2474 genitam,
587 2402 708 2474 majorem
719 2403 744 2457 ei
760 2407 881 2474 patruum
898 2403 1002 2459 Cottam
1017 2405 1089 2460 Mss-

299 2480 406 2536 salinum
422 2499 484 2545 esse,
499 2479 623 2534 Memmio
639 2469 764 2552 quondan'r
776 2480 876 2553 Regulo
887 2486 1005 2552 nuptam,
1018 2484 1089 2553 (narn

299 2556 330 2612 de
343 2556 372 2611 C.
386 2557 492 2612 Caesaris
509 2556 606 2628 nuptiis
622 2557 738 2612 consulto
755 2557 898 2627 reticebat)
917 2557 1015 2613 addidit
1033 2578 1088 2630 per-

298 2635 394 2689 niciosa
415 2634 443 2688 in
461 2651 515 2688 rem
534 2634 662 2704 publicam
680 2635 791 2700 consilia.
811 2639 838 2691 st
852 2636 983 2692 materiem
998 2637 1088 2692 sceleri

298 2710 494 2767 detrahendam:
524 2711 598 2782 proin
621 2710 756 2780 publicatis
780 2712 853 2769 bonis
877 2713 979 2769 cederet
1003 2714 1086 2769 Italia

276 2789 341 2846 alta
361 2787 526 2859 quinquagies
547 2788 693 2842 sestertiirm
715 2806 748 2843 ex
764 2790 855 2861 opibus
872 2790 1002 2846 immensis
1019 2792 1087 2847 exuli

298 2866 422 2921 relictum.
457 2864 493 2920 Et
516 2864 655 2934 Calpurnia
676 2863 783 2921 illustris
806 2866 900 2923 femina
922 2869 1085 2939 pervertitur,

298 2943 358 3015 qnia
375 2943 480 2998 tonnam
499 2944 555 3012 ejus
573 2939 719 2998 laudaverat
738 2944 862 3016 princeps,
883 2944 953 3000 nulla
972 2944 1084 3011 libidine,
