2550 3500
418 382 614 435 ANNALIUM
633 382 684 431 111.
697 383 800 430 56—61.
941 340 944 347 Ι
962 385 1007 430 125

216 451 409 557 tetidem
418 496 573 551 senentiam
585 495 769 567 opperirentur.
793 496 917 561 nmen,
930 494 1029 549 rnen

215 580 321 635 notione
333 577 365 631 de
374 577 433 647 jure
444 574 562 638 fluminis,
573 572 688 628 decretus
702 574 735 629 ob
752 574 911 631 tribunitiam
928 573 1008 627 Drusi

213 659 370 729 potestatem
382 651 538 708 cerimonias
556 650 713 721 temperavit,
730 652 879 709 nominatim
899 667 1008 720 arguens

212 732 375 789 insolentiam
390 729 522 785 sententie
535 746 675 797 aureasque
686 728 784 783 litteras
795 733 885 785 contre
895 726 1007 798 patrium

213 828 319 865 morem.
367 806 494 863 Renitutre
518 809 544 860 et
567 804 648 859 Drusi
670 806 790 876 epistole,
812 823 954 877 quanquam
975 802 1029 857 adt

213 885 366 943 modestiem
382 884 462 949 flere,
479 900 525 953 pro
541 882 727 951 superbissimis
745 884 910 955 accipiuntur.
946 882 1008 937 Huc

214 964 340 1020 decidisse
358 966 460 1026 cuncta,
480 966 561 1015 utne
581 959 682 1030 juvenis
701 960 802 1031 quidem
820 966 893 1015 tanto
912 958 1007 1014 honore

214 1045 321 1112 accepto
340 1039 421 1093 adiret
439 1036 509 1093 urbis
527 1036 595 1101 deos,
614 1036 790 1107 ingrederetur
807 1042 930 1102 senatum,
947 1055 1005 1091 aus-
1110 1054 1117 1067 ·

214 1120 284 1191 picia
307 1116 398 1173 saltem
421 1114 516 1187 gentile
537 1113 605 1185 apud
628 1113 709 1169 solum
727 1115 856 1187 inciperet.
903 1114 1029 1170 Bellum4

215 1196 324 1259 seilicet,
347 1197 392 1247 cut
409 1192 508 1248 diverso
524 1196 650 1246 terrarum
665 1191 786 1262 distineri,
803 1193 879 1248 litora
891 1197 918 1247 et
934 1192 1004 1246 lncus
1105 1204 1110 1211 ·

216 1272 364 1343 Campanine
381 1288 438 1327 num
456 1270 563 1327 maxime
581 1272 764 1339 peragrantem.
801 1270 845 1325 Sic
858 1269 936 1325 imbui
952 1275 1028 1324 rect

215 1353 301 1405 torem
317 1348 416 1420 generis
433 1346 552 1412 humani3
570 1346 597 1401 id
614 1347 724 1417 primum
739 1365 755 1401 e
768 1347 880 1417 paternis
894 1346 1004 1401 consiliis

217 1426 323 1481 discere.
360 1426 425 1479 Sane
442 1428 591 1497 gravaretur
608 1430 741 1494 aspectum
757 1424 850 1479 civium
866 1441 942 1479 senex
957 1421 1029 1477 iro-6

217 1508 328 1576 perator,
345 1503 488 1572 fessamque
505 1504 606 1556 etatem
622 1504 650 1555 et
666 1505 737 1555 actos
752 1500 850 1557 labores
868 1499 1005 1572 pretende

217 1585 274 1637 ret:
292 1581 378 1635 Druso
391 1578 458 1650 quod
470 1578 562 1633 nisiex
574 1579 718 1649 arrogantia
728 1577 952 1649 impedimentum?

255 1657 306 1713 Sed
318 1656 433 1711 'liberius
445 1656 494 1711 vim
507 1655 663 1727 principatus
679 1656 728 1711 sibi
744 1656 854 1720 firmam,
870 1654 1005 1726 imaginem
1015 1652 1052 1707 60

219 1734 380 1808 antiquitatis
401 1733 500 1790 senatui
519 1732 655 1805 prebebat,
676 1732 805 1805 postulata
821 1732 1005 1805 provinciarum

219 1813 252 1869 ad
259 1812 459 1884 disquisitionem
467 1816 568 1883 petrum
579 1811 711 1868 mittendo.
747 1809 928 1866 crebrescebat
939 1811 1029 1866 enim2

220 1891 322 1946 creos
334 1908 380 1960 por
391 1888 466 1944 urbes
478 1889 580 1944 licentia
595 1893 672 1959 atque
687 1888 824 1959 impunitas
842 1888 911 1960 asyle
926 1892 1006 1944 stutu-

219 1967 294 2035 endi;
319 1966 508 2038 complebantur
525 1965 619 2036 templa
634 1966 750 2037 pessimis
766 1966 941 2032 servitiorum
964 1983 1007 2020 eo-

218 2043 284 2102 dem.
296 2043 409 2100 subsidio
424 2043 528 2101 obserati
543 2043 677 2098 adversum
688 2042 832 2109 creditores,
845 2043 1006 2114 suspectique

218 2121 367 2194 capitalium
383 2121 523 2186 criminum,
536 2120 738 2190 receptabantur.
774 2121 831 2175 Nec
848 2120 927 2175 ullum
944 2121 1030 2176 satist

218 2199 332 2258 validum
350 2198 484 2270 imperium
502 2201 556 2252 erat
572 2197 716 2252 coercendis
732 2197 897 2253 seditionibus
913 2198 1007 2269 populi,

218 2277 319 2349 flagitia
329 2277 458 2332 bominum
470 2279 500 2330 ut
512 2275 667 2332 cerimonias
676 2274 751 2332 deum
762 2277 927 2347 protegentis.
955 2276 1033 2348 Igis

218 2359 265 2418 tur
276 2353 399 2425 placitum
409 2359 439 2408 nt
455 2352 587 2408 mitterent
603 2352 719 2407 civitates
735 2352 794 2424 jura
809 2356 885 2424 atque
900 2353 1006 2426 legatos.

131 2423 132 2444 ¹
209 2431 257 2489 ,Et
269 2431 392 2503 quedem,
410 2429 478 2502 quod
490 2429 553 2486 falso
569 2434 760 2500 usurpaverant,
777 2434 867 2501 sponte
884 2432 990 2486 omisere
1000 2446 1032 2496 35

217 2509 308 2565 multe
319 2508 428 2564 uetustis
440 2507 664 2579 superstitionibus
676 2510 720 2561 aut
734 2507 831 2562 meritis
844 2508 872 2562 in
886 2509 1008 2580 populum

217 2587 365 2643 Romanum
383 2583 502 2640 fidebant.
536 2583 684 2656 Magnaque
700 2585 757 2655 ejus
771 2584 822 2640 diei
836 2587 932 2657 species
949 2587 1033 2652 fuito

206 2682 271 2737 ⁴quo
284 2667 388 2720 senatus
401 2662 523 2733 majorum
534 2661 663 2728 beneficia,
678 2661 804 2718 sociorum
819 2668 901 2734 pacta,
919 2683 1009 2735 regum

218 2742 299 2797 etiem
320 2740 364 2811 qui
384 2742 443 2794 ante
464 2739 515 2794 vim
535 2739 677 2793 Romanam
694 2739 826 2795 valuerant
845 2740 954 2806 decreta,
973 2741 1010 2811 ip

219 2835 358 2888 serumque
378 2816 509 2876 numinum
533 2815 668 2887 religiones
691 2816 850 2888 introspexit,
871 2818 957 2882 libero,
979 2821 1010 2871 ut

220 2894 356 2967 quondam,
382 2893 443 2965 quid
466 2893 578 2948 firmaret
601 2898 750 2949 mutaretve.
795 2894 876 2949 Primi
898 2895 1055 2952 ommumol

220 2972 327 3044 Ephesii
347 2971 440 3038 adiere,
461 2974 630 3026 memorantes
648 2989 707 3036 non,
727 2974 757 3025 ut
776 2969 868 3039 vulgas
888 2970 1008 3037 crederet,
