2550 3500
175 420 238 460 A'D.
248 418 291 470 M]
401 357 598 408 ANNALIUM
616 358 637 407 Ι.
650 361 755 408 49-53.
944 363 973 412 81

174 469 354 535 semisomnos,
366 469 485 536 inermos,
499 475 544 526 aut
556 472 673 543 palantes
685 471 837 528 oeoiderant.
873 472 999 530 Excivit4

178 565 211 602 ea
223 546 305 602 caedes
317 547 463 614 Bructeros,
477 549 614 615 Tubantes,
627 550 766 622 Usipetes,
785 550 915 622 saltusque
930 570 976 624 per

176 644 243 696 quos
255 625 379 680 exercitui
391 644 530 698 regressus,
541 627 664 682 insedere.
702 627 780 687 Quod
789 647 897 697 rnamm
908 628 975 694 duci,

174 702 334 774 incessitque
355 703 440 758 itineri
459 707 486 759 et
506 705 602 776 proelio.
638 706 703 760 Pars
724 705 839 776 equitnm
859 711 886 761 et
906 707 997 765 auxi-5

173 779 256 836 liaris
278 780 395 836 cohortes
417 780 551 848 ducebant,
568 801 628 838 mox
647 783 729 854 prima
749 782 823 854 legio,
841 786 868 838 et
886 783 976 839 mediis

173 857 365 930 impedimentis
384 858 515 914 sinistrum
536 859 604 914 latus
621 860 839 927 unetvicesimani,
857 860 977 917 dextrum

174 935 296 1006 quintani
313 935 444 1003 elausere;
462 936 582 992 vicesima
598 937 666 1009 legio
683 942 758 1009 terga
772 937 898 1006 firmavit3
917 943 976 1010 post

174 1013 257 1068 ceteri
278 1012 412 1068 sociorum.
449 1013 498 1068 Sed
514 1014 608 1079 hostes,
628 1013 708 1070 donec
724 1033 816 1087 agmen
832 1034 878 1088 per
895 1016 998 1072 saltuso

174 1091 363 1161 porrigeretur,
385 1090 491 1157 immoti,
512 1091 572 1146 dein
594 1091 676 1146 latera
699 1096 725 1147 et
748 1092 858 1148 frontem
878 1093 977 1149 modice

174 1167 347 1234 adsultantes,
366 1171 422 1224 tota
442 1169 468 1224 vi
488 1169 639 1224 novissimos
659 1169 795 1225 incurrere.
831 1170 997 1232 turbam-r

173 1250 273 1316 tnrque
286 1244 370 1300 densis
384 1246 566 1323 Germanorum
578 1246 688 1302 catervis
698 1246 767 1302 leves
780 1247 904 1314 cohortes,
917 1267 977 1304 oum

174 1324 274 1390 Caesar,
286 1321 406 1378 advectus
425 1323 457 1378 ad
474 1324 647 1390 vicesimanos,
659 1343 721 1380 voce
738 1344 830 1396 magna
847 1325 895 1381 hoc
912 1326 977 1382 illud

173 1405 282 1472 tempus
299 1400 475 1456 oblitterandae
495 1401 626 1456 seditionis
645 1401 804 1457 clamitabat:
831 1408 974 1474 pergerent,

173 1483 344 1558 properarent
354 1477 453 1550 culpam
468 1478 496 1534 in
509 1478 585 1534 decus
597 1482 705 1540 vertere.
740 1479 867 1534 Exarsere
876 1480 996 1547 animis,8

173 1574 282 1626 unoque
299 1555 396 1627 impetu
416 1560 566 1627 perruptum
585 1556 686 1611 hostem
702 1555 823 1628 redigunt
841 1556 869 1612 in
886 1562 975 1629 aperta

174 1634 338 1704 creduntque.
376 1633 456 1689 Simul
473 1635 548 1706 primi
564 1635 672 1706 agminis
689 1635 767 1706 copiae
784 1653 886 1692 evasere
898 1636 974 1692 silvas

174 1715 313 1783 castraque
328 1711 520 1769 communivere.
558 1712 682 1773 Quietum
694 1711 753 1768 inde
765 1712 816 1769 iter
823 1736 831 1781 ;
843 1712 996 1787 fidensques

173 1790 324 1847 recentibus
336 1808 365 1845 ac
376 1790 490 1863 priorum
502 1789 595 1846 oblitus
605 1790 678 1845 miles
689 1791 717 1846 in
727 1790 840 1846 hibernis
851 1791 958 1848 locatur.

210 1868 342 1923 Nuntiata
371 1886 401 1923 ea
430 1868 560 1923 Tiberium
591 1868 681 1923 laetitia
709 1886 820 1939 curaque
849 1868 1018 1926 adiecere52

175 1944 314 2001 Gaudebat
335 1964 479 2017 oppressam
499 1944 663 2000 seditionem:
686 1944 732 2001 sed
749 1946 817 2017 qnod
836 1946 972 2019 largiendis

173 2024 293 2094 pecuniis
313 2027 340 2077 et
359 2022 478 2079 missione
498 2023 619 2079 festinata
642 2024 754 2079 favorem
776 2024 885 2079 militum
906 2044 972 2096 quae·

174 2102 287 2166 sivisset,
312 2100 403 2156 bellica
426 2118 526 2171 quoque
553 2100 697 2156 Germanioi
718 2100 800 2173 gloria
822 2103 970 2175 angebatur.

173 2179 292 2236 Rettulit
303 2182 391 2233 tamen
403 2177 435 2233 ad
447 2182 561 2233 senatum
574 2178 693 2235 derebus
702 2180 790 2251 gestis,
798 2180 928 2252 multaque
940 2180 995 2237 det

172 2258 274 2313 virtute
286 2256 342 2328 ejus
360 2256 516 2321 memoravit,
531 2256 612 2327 magis
630 2256 659 2311 in
672 2257 782 2328 speciem
799 2257 883 2313 verbis
901 2258 972 2315 ador-

172 2338 238 2391 nata
249 2352 325 2405 quam
336 2338 373 2389 ,ut
390 2334 492 2405 penitus
509 2334 604 2389 sentire
616 2333 769 2391 crederetur.
805 2335 993 2395 Pancioribus8

172 2413 292 2467 Drusum
305 2416 331 2465 et
342 2412 418 2467 finem
430 2411 527 2483 Illyrici
544 2414 629 2466 motus
647 2410 769 2477 laudavit,
788 2411 833 2467 sed
850 2413 972 2470 intentior

173 2493 200 2545 et
213 2488 267 2545 fida
281 2488 402 2545 oratione.
440 2488 589 2559 Cunctaque
607 2508 663 2560 quae
682 2489 846 2547 Gemanicus
863 2491 972 2548 indulse-

174 2574 223 2632 rat,
237 2566 349 2621 servavit
361 2566 437 2623 etiam
449 2564 517 2637 apud
529 2566 689 2621 Pannonicos
701 2567 837 2623 exereitus.

208 2642 308 2699 Eodem
322 2662 386 2699 auno
404 2643 474 2699 Julia
487 2662 633 2713 supremum
651 2642 717 2698 diem
734 2643 804 2710 obiit,
822 2644 854 2700 ob
865 2645 1017 2718 impedi-53

176 2722 260 2777 citiam
275 2720 334 2776 olim
348 2724 447 2793 epatre
458 2722 578 2789 Augusto
591 2721 743 2777 Pandateria
754 2722 844 2789 insula,
857 2742 918 2778 mox
930 2743 973 2795 op·

177 2799 235 2869 pido
247 2798 432 2871 Rheginorum,
445 2798 489 2869 qui
502 2798 614 2853 Siculum
630 2799 726 2853 fretum
742 2800 866 2866 accolunt,
879 2801 971 2857 clausa

178 2876 271 2931 Fuerat
283 2876 310 2931 in
322 2876 483 2931 nistrimouio
495 2876 590 2931 Tiberii
605 2877 754 2932 florentibus
771 2877 833 2931 Caio
849 2883 876 2932 et
891 2879 995 2936 Luci02

180 2952 329 3020 Cesaribus,
343 2957 522 3026 spreveratque
539 2958 567 3009 ut
585 2954 722 3026 imparem3
740 2972 788 3011 nec
804 2954 853 3009 alia
867 2957 921 3010 tam
936 2954 973 3009 in-
