<?xml version="1.0" encoding="UTF-8"?>
<!DOCTYPE html PUBLIC "-//W3C//DTD XHTML 1.0 Transitional//EN"
    "http://www.w3.org/TR/xhtml1/DTD/xhtml1-transitional.dtd">
<html xmlns="http://www.w3.org/1999/xhtml" xml:lang="en" lang="en">
 <head>
  <title>
</title>
<meta http-equiv="Content-Type" content="text/html;charset=utf-8" />
  <meta name='ocr-system' content='tesseract 3.04.00' />
  <meta name='ocr-capabilities' content='ocr_page ocr_carea ocr_par ocr_line ocrx_word'/>
</head>
<body>
  <div class='ocr_page' id='page_1' title='image "./operaomniaadfid01tacigoog_0198.png"; bbox 0 0 2550 3500; ppageno 0'>
   <div class='ocr_carea' id='block_1_1' title="bbox 308 397 1101 507">
    <p class='ocr_par' dir='ltr' id='par_1_1' title="bbox 308 397 1101 507">
     <span class='ocr_line' id='line_1_1' title="bbox 308 397 766 447; baseline -0.007 0"><span class='ocrx_word' id='word_1_1' title='bbox 308 401 355 447; x_wconf 77' lang='lat'><strong>192</strong></span> <span class='ocrx_word' id='word_1_2' title='bbox 645 397 766 445; x_wconf 75' lang='lat' dir='ltr'><strong>raeiri</strong></span> 
     </span>
     <span class='ocr_line' id='line_1_2' title="bbox 936 457 1101 507; baseline 0 -10"><span class='ocrx_word' id='word_1_3' title='bbox 936 457 1101 507; x_wconf 56' lang='lat' dir='ltr'><strong>[ancras.</strong></span> 
     </span>
    </p>
   </div>
   <div class='ocr_carea' id='block_1_2' title="bbox 263 507 1145 3057">
    <p class='ocr_par' dir='ltr' id='par_1_2' title="bbox 263 507 1145 3057">
     <span class='ocr_line' id='line_1_3' title="bbox 307 507 1102 583; baseline -0.005 -18"><span class='ocrx_word' id='word_1_4' title='bbox 307 510 494 583; x_wconf 71' lang='lat' dir='ltr'><strong>Caesarisque</strong></span> <span class='ocrx_word' id='word_1_5' title='bbox 517 509 548 565; x_wconf 91' lang='lat' dir='ltr'><strong>de</strong></span> <span class='ocrx_word' id='word_1_6' title='bbox 571 508 647 564; x_wconf 90' lang='lat' dir='ltr'><strong>modo</strong></span> <span class='ocrx_word' id='word_1_7' title='bbox 670 508 788 564; x_wconf 87' lang='lat' dir='ltr'><strong>credendi</strong></span> <span class='ocrx_word' id='word_1_8' title='bbox 811 507 1008 579; x_wconf 82' lang='lat' dir='ltr'><strong>possidendique</strong></span> <span class='ocrx_word' id='word_1_9' title='bbox 1031 509 1102 562; x_wconf 80' lang='lat' dir='ltr'><strong>intra</strong></span> 
     </span>
     <span class='ocr_line' id='line_1_4' title="bbox 306 584 1102 655; baseline -0.004 -13"><span class='ocrx_word' id='word_1_10' title='bbox 306 588 407 642; x_wconf 83' lang='lat' dir='ltr'><strong>Italiam</strong></span> <span class='ocrx_word' id='word_1_11' title='bbox 418 592 538 651; x_wconf 91' lang='lat' dir='ltr'><strong>cavetur;</strong></span> <span class='ocrx_word' id='word_1_12' title='bbox 558 586 674 640; x_wconf 87' lang='lat' dir='ltr'><strong>omissam</strong></span> <span class='ocrx_word' id='word_1_13' title='bbox 685 586 752 651; x_wconf 91' lang='lat' dir='ltr'><strong>olim,</strong></span> <span class='ocrx_word' id='word_1_14' title='bbox 762 585 821 655; x_wconf 88' lang='lat' dir='ltr'><strong>quia</strong></span> <span class='ocrx_word' id='word_1_15' title='bbox 828 586 927 655; x_wconf 85' lang='lat' dir='ltr'><strong>privato</strong></span> <span class='ocrx_word' id='word_1_16' title='bbox 936 585 995 639; x_wconf 89' lang='lat' dir='ltr'><strong>usui</strong></span> <span class='ocrx_word' id='word_1_17' title='bbox 1003 584 1102 640; x_wconf 88' lang='lat' dir='ltr'><strong>bonnm</strong></span> 
     </span>
     <span class='ocr_line' id='line_1_5' title="bbox 285 661 1100 735; baseline -0.005 -16"><span class='ocrx_word' id='word_1_18' title='bbox 285 664 435 735; x_wconf 73' lang='lat' dir='ltr'><strong>tpublioum</strong></span> <span class='ocrx_word' id='word_1_19' title='bbox 447 663 616 735; x_wconf 68' lang='lat' dir='ltr'><strong>postponitur.</strong></span> <span class='ocrx_word' id='word_1_20' title='bbox 655 664 720 717; x_wconf 88' lang='lat' dir='ltr'><strong>Sane</strong></span> <span class='ocrx_word' id='word_1_21' title='bbox 732 670 806 717; x_wconf 84' lang='lat' dir='ltr'><strong>vetus</strong></span> <span class='ocrx_word' id='word_1_22' title='bbox 818 662 877 717; x_wconf 92' lang='lat' dir='ltr'><strong>urbi</strong></span> <span class='ocrx_word' id='word_1_23' title='bbox 886 661 988 716; x_wconf 83' lang='lat' dir='ltr'><strong>lenebre</strong></span> <span class='ocrx_word' id='word_1_24' title='bbox 996 661 1100 721; x_wconf 85' lang='lat' dir='ltr'><strong>melum.</strong></span> 
     </span>
     <span class='ocr_line' id='line_1_6' title="bbox 307 739 1101 810; baseline -0.001 -15"><span class='ocrx_word' id='word_1_25' title='bbox 307 745 334 795; x_wconf 93' lang='lat' dir='ltr'><strong>et</strong></span> <span class='ocrx_word' id='word_1_26' title='bbox 343 740 495 795; x_wconf 83' lang='lat' dir='ltr'><strong>seditionum</strong></span> <span class='ocrx_word' id='word_1_27' title='bbox 507 740 736 810; x_wconf 83' lang='lat' dir='ltr'><strong>discordiarumque</strong></span> <span class='ocrx_word' id='word_1_28' title='bbox 748 739 981 795; x_wconf 85' lang='lat' dir='ltr'><strong>creberrimacausa</strong></span> <span class='ocrx_word' id='word_1_29' title='bbox 993 759 1001 804; x_wconf 87' lang='lat'>;</span> <span class='ocrx_word' id='word_1_30' title='bbox 1018 758 1101 810; x_wconf 91' lang='lat' dir='ltr'><strong>eoque</strong></span> 
     </span>
     <span class='ocr_line' id='line_1_7' title="bbox 307 816 1100 889; baseline -0.005 -15"><span class='ocrx_word' id='word_1_31' title='bbox 307 818 472 874; x_wconf 84' lang='lat' dir='ltr'><strong>cohibebatur</strong></span> <span class='ocrx_word' id='word_1_32' title='bbox 492 818 602 889; x_wconf 84' lang='lat' dir='ltr'><strong>antiquis</strong></span> <span class='ocrx_word' id='word_1_33' title='bbox 625 836 725 888; x_wconf 91' lang='lat' dir='ltr'><strong>quoque</strong></span> <span class='ocrx_word' id='word_1_34' title='bbox 745 821 773 872; x_wconf 90' lang='lat' dir='ltr'><strong>et</strong></span> <span class='ocrx_word' id='word_1_35' title='bbox 796 816 880 871; x_wconf 88' lang='lat' dir='ltr'><strong>minus</strong></span> <span class='ocrx_word' id='word_1_36' title='bbox 899 816 1026 887; x_wconf 85' lang='lat' dir='ltr'><strong>corruptis</strong></span> <span class='ocrx_word' id='word_1_37' title='bbox 1046 834 1100 870; x_wconf 84' lang='lat' dir='ltr'><strong>mo</strong></span> 
     </span>
     <span class='ocr_line' id='line_1_8' title="bbox 285 894 1100 967; baseline -0.006 -13"><span class='ocrx_word' id='word_1_38' title='bbox 285 895 385 954; x_wconf 74' lang='lat' dir='ltr'><strong>tribus.</strong></span> <span class='ocrx_word' id='word_1_39' title='bbox 422 896 492 950; x_wconf 89' lang='lat' dir='ltr'><strong>Nam</strong></span> <span class='ocrx_word' id='word_1_40' title='bbox 504 896 585 967; x_wconf 89' lang='lat' dir='ltr'><strong>primo</strong></span> <span class='ocrx_word' id='word_1_41' title='bbox 599 894 730 949; x_wconf 88' lang='lat' dir='ltr'><strong>duodecim</strong></span> <span class='ocrx_word' id='word_1_42' title='bbox 742 894 837 949; x_wconf 85' lang='lat' dir='ltr'><strong>tabulis</strong></span> <span class='ocrx_word' id='word_1_43' title='bbox 855 897 1025 958; x_wconf 76' lang='lat' dir='ltr'><strong>senatumne</strong></span> <span class='ocrx_word' id='word_1_44' title='bbox 1041 894 1100 964; x_wconf 87' lang='lat' dir='ltr'><strong>quis</strong></span> 
     </span>
     <span class='ocr_line' id='line_1_9' title="bbox 307 970 1100 1043; baseline 0.001 -18"><span class='ocrx_word' id='word_1_45' title='bbox 307 972 419 1027; x_wconf 88' lang='lat' dir='ltr'><strong>unciario</strong></span> <span class='ocrx_word' id='word_1_46' title='bbox 431 972 517 1027; x_wconf 90' lang='lat' dir='ltr'><strong>fenore</strong></span> <span class='ocrx_word' id='word_1_47' title='bbox 530 972 636 1043; x_wconf 88' lang='lat' dir='ltr'><strong>amplius</strong></span> <span class='ocrx_word' id='word_1_48' title='bbox 649 977 784 1037; x_wconf 85' lang='lat' dir='ltr'><strong>exerceret,</strong></span> <span class='ocrx_word' id='word_1_49' title='bbox 796 990 854 1027; x_wconf 93' lang='lat' dir='ltr'><strong>oum</strong></span> <span class='ocrx_word' id='word_1_50' title='bbox 864 974 938 1026; x_wconf 84' lang='lat' dir='ltr'><strong>antea</strong></span> <span class='ocrx_word' id='word_1_51' title='bbox 949 990 982 1026; x_wconf 84' lang='lat' dir='ltr'><strong>ex</strong></span> <span class='ocrx_word' id='word_1_52' title='bbox 992 970 1100 1027; x_wconf 81' lang='lat' dir='ltr'><strong>libidine</strong></span> 
     </span>
     <span class='ocr_line' id='line_1_10' title="bbox 307 1047 1101 1121; baseline -0.001 -18"><span class='ocrx_word' id='word_1_53' title='bbox 307 1048 471 1120; x_wconf 79' lang='lat' dir='ltr'><strong>locupletium</strong></span> <span class='ocrx_word' id='word_1_54' title='bbox 494 1050 651 1121; x_wconf 79' lang='lat' dir='ltr'><strong>agitaretur3</strong></span> <span class='ocrx_word' id='word_1_55' title='bbox 670 1048 729 1103; x_wconf 87' lang='lat' dir='ltr'><strong>dein</strong></span> <span class='ocrx_word' id='word_1_56' title='bbox 751 1049 884 1119; x_wconf 86' lang='lat' dir='ltr'><strong>rogatione</strong></span> <span class='ocrx_word' id='word_1_57' title='bbox 906 1047 1044 1103; x_wconf 86' lang='lat' dir='ltr'><strong>tribunicia</strong></span> <span class='ocrx_word' id='word_1_58' title='bbox 1068 1048 1101 1103; x_wconf 89' lang='lat' dir='ltr'><strong>ad</strong></span> 
     </span>
     <span class='ocr_line' id='line_1_11' title="bbox 286 1124 1100 1197; baseline -0.003 -15"><span class='ocrx_word' id='word_1_59' title='bbox 286 1126 450 1183; x_wconf 75' lang='lat' dir='ltr'><strong>tsemuncias</strong></span> <span class='ocrx_word' id='word_1_60' title='bbox 471 1126 580 1193; x_wconf 87' lang='lat' dir='ltr'><strong>redacta,</strong></span> <span class='ocrx_word' id='word_1_61' title='bbox 602 1130 731 1197; x_wconf 90' lang='lat' dir='ltr'><strong>postremo</strong></span> <span class='ocrx_word' id='word_1_62' title='bbox 752 1126 833 1180; x_wconf 84' lang='lat' dir='ltr'><strong>vetita</strong></span> <span class='ocrx_word' id='word_1_63' title='bbox 847 1143 959 1180; x_wconf 87' lang='lat' dir='ltr'><strong>versura</strong></span> <span class='ocrx_word' id='word_1_64' title='bbox 995 1124 1100 1179; x_wconf 89' lang='lat' dir='ltr'><strong>Multis·</strong></span> 
     </span>
     <span class='ocr_line' id='line_1_12' title="bbox 304 1202 1099 1275; baseline -0.003 -16"><span class='ocrx_word' id='word_1_65' title='bbox 304 1222 357 1275; x_wconf 66' lang='lat' dir='ltr'><strong>,que</strong></span> <span class='ocrx_word' id='word_1_66' title='bbox 378 1204 457 1275; x_wconf 89' lang='lat' dir='ltr'><strong>plebis</strong></span> <span class='ocrx_word' id='word_1_67' title='bbox 479 1204 550 1259; x_wconf 87' lang='lat' dir='ltr'><strong>scitis</strong></span> <span class='ocrx_word' id='word_1_68' title='bbox 571 1203 670 1259; x_wconf 89' lang='lat' dir='ltr'><strong>obviam</strong></span> <span class='ocrx_word' id='word_1_69' title='bbox 690 1203 756 1257; x_wconf 88' lang='lat' dir='ltr'><strong>itum</strong></span> <span class='ocrx_word' id='word_1_70' title='bbox 774 1202 914 1267; x_wconf 88' lang='lat' dir='ltr'><strong>fraudibus,</strong></span> <span class='ocrx_word' id='word_1_71' title='bbox 932 1221 988 1273; x_wconf 83' lang='lat' dir='ltr'><strong>quse</strong></span> <span class='ocrx_word' id='word_1_72' title='bbox 1002 1202 1099 1257; x_wconf 86' lang='lat' dir='ltr'><strong>totiens</strong></span> 
     </span>
     <span class='ocr_line' id='line_1_13' title="bbox 286 1279 1145 1354; baseline -0.005 -17"><span class='ocrx_word' id='word_1_73' title='bbox 286 1292 429 1352; x_wconf 75' lang='lat' dir='ltr'><strong>trepressee</strong></span> <span class='ocrx_word' id='word_1_74' title='bbox 440 1282 516 1337; x_wconf 86' lang='lat' dir='ltr'><strong>miras</strong></span> <span class='ocrx_word' id='word_1_75' title='bbox 528 1300 573 1353; x_wconf 90' lang='lat' dir='ltr'><strong>per</strong></span> <span class='ocrx_word' id='word_1_76' title='bbox 585 1284 653 1335; x_wconf 88' lang='lat' dir='ltr'><strong>artes</strong></span> <span class='ocrx_word' id='word_1_77' title='bbox 665 1299 767 1335; x_wconf 88' lang='lat' dir='ltr'><strong>rursum</strong></span> <span class='ocrx_word' id='word_1_78' title='bbox 783 1280 938 1334; x_wconf 90' lang='lat' dir='ltr'><strong>oriebantur.</strong></span> <span class='ocrx_word' id='word_1_79' title='bbox 974 1279 1025 1334; x_wconf 86' lang='lat' dir='ltr'><strong>Sed</strong></span> <span class='ocrx_word' id='word_1_80' title='bbox 1041 1281 1099 1333; x_wconf 93' lang='lat' dir='ltr'><strong>tum</strong></span> <span class='ocrx_word' id='word_1_81' title='bbox 1143 1343 1145 1354; x_wconf 41' lang='grc' dir='ltr'>Ι</span> 
     </span>
     <span class='ocr_line' id='line_1_14' title="bbox 308 1356 1098 1430; baseline -0.003 -17"><span class='ocrx_word' id='word_1_82' title='bbox 308 1359 437 1414; x_wconf 81' lang='lat' dir='ltr'><strong>Gracchus</strong></span> <span class='ocrx_word' id='word_1_83' title='bbox 449 1357 549 1430; x_wconf 83' lang='lat' dir='ltr'><strong>praetor,</strong></span> <span class='ocrx_word' id='word_1_84' title='bbox 567 1358 607 1413; x_wconf 91' lang='lat' dir='ltr'><strong>cui</strong></span> <span class='ocrx_word' id='word_1_85' title='bbox 624 1376 655 1413; x_wconf 88' lang='lat' dir='ltr'><strong>ea</strong></span> <span class='ocrx_word' id='word_1_86' title='bbox 671 1357 777 1428; x_wconf 86' lang='lat' dir='ltr'><strong>quaestio</strong></span> <span class='ocrx_word' id='word_1_87' title='bbox 789 1361 914 1422; x_wconf 86' lang='lat' dir='ltr'><strong>evenerat,</strong></span> <span class='ocrx_word' id='word_1_88' title='bbox 933 1356 1098 1411; x_wconf 86' lang='lat' dir='ltr'><strong>multitudine</strong></span> 
     </span>
     <span class='ocr_line' id='line_1_15' title="bbox 307 1432 1097 1507; baseline -0.006 -15"><span class='ocrx_word' id='word_1_89' title='bbox 307 1436 504 1507; x_wconf 86' lang='lat' dir='ltr'><strong>periclitantium</strong></span> <span class='ocrx_word' id='word_1_90' title='bbox 517 1435 636 1491; x_wconf 78' lang='lat' dir='ltr'><strong>arbactus</strong></span> <span class='ocrx_word' id='word_1_91' title='bbox 649 1434 750 1489; x_wconf 86' lang='lat' dir='ltr'><strong>rettulit</strong></span> <span class='ocrx_word' id='word_1_92' title='bbox 762 1433 934 1500; x_wconf 84' lang='lat' dir='ltr'><strong>adsenetnm3</strong></span> <span class='ocrx_word' id='word_1_93' title='bbox 952 1432 1097 1504; x_wconf 85' lang='lat' dir='ltr'><strong>trepidique</strong></span> 
     </span>
     <span class='ocr_line' id='line_1_16' title="bbox 307 1510 1098 1585; baseline -0.003 -18"><span class='ocrx_word' id='word_1_94' title='bbox 307 1517 392 1585; x_wconf 91' lang='lat' dir='ltr'><strong>patres</strong></span> <span class='ocrx_word' id='word_1_95' title='bbox 402 1516 494 1585; x_wconf 87' lang='lat' dir='ltr'><strong>(neque</strong></span> <span class='ocrx_word' id='word_1_96' title='bbox 506 1514 573 1568; x_wconf 89' lang='lat' dir='ltr'><strong>enim</strong></span> <span class='ocrx_word' id='word_1_97' title='bbox 585 1512 718 1584; x_wconf 90' lang='lat' dir='ltr'><strong>quisquam</strong></span> <span class='ocrx_word' id='word_1_98' title='bbox 729 1511 776 1566; x_wconf 87' lang='lat' dir='ltr'><strong>tali</strong></span> <span class='ocrx_word' id='word_1_99' title='bbox 787 1510 861 1581; x_wconf 89' lang='lat' dir='ltr'><strong>onlpa</strong></span> <span class='ocrx_word' id='word_1_100' title='bbox 872 1511 987 1578; x_wconf 64' lang='lat' dir='ltr'><strong>vacuum)</strong></span> <span class='ocrx_word' id='word_1_101' title='bbox 998 1512 1098 1565; x_wconf 81' lang='lat' dir='ltr'><strong>veniam</strong></span> 
     </span>
     <span class='ocr_line' id='line_1_17' title="bbox 307 1587 1145 1663; baseline -0.007 -17"><span class='ocrx_word' id='word_1_102' title='bbox 307 1592 447 1663; x_wconf 89' lang='lat' dir='ltr'><strong>aprincipe</strong></span> <span class='ocrx_word' id='word_1_103' title='bbox 459 1591 571 1663; x_wconf 88' lang='lat' dir='ltr'><strong>petivere</strong></span> <span class='ocrx_word' id='word_1_104' title='bbox 580 1612 587 1657; x_wconf 90' lang='lat'>;</span> <span class='ocrx_word' id='word_1_105' title='bbox 606 1593 633 1643; x_wconf 92' lang='lat' dir='ltr'><strong>et</strong></span> <span class='ocrx_word' id='word_1_106' title='bbox 645 1588 807 1654; x_wconf 81' lang='lat' dir='ltr'><strong>eoncedente,</strong></span> <span class='ocrx_word' id='word_1_107' title='bbox 826 1606 907 1642; x_wconf 84' lang='lat' dir='ltr'><strong>onnus</strong></span> <span class='ocrx_word' id='word_1_108' title='bbox 924 1587 951 1641; x_wconf 92' lang='lat' dir='ltr'><strong>in</strong></span> <span class='ocrx_word' id='word_1_109' title='bbox 965 1594 1098 1659; x_wconf 82' lang='lat' dir='ltr'><strong>posterum</strong></span> <span class='ocrx_word' id='word_1_110' title='bbox 1143 1639 1145 1658; x_wconf 70' lang='grc'>,</span> 
     </span>
     <span class='ocr_line' id='line_1_18' title="bbox 307 1661 1145 1739; baseline -0.005 -16"><span class='ocrx_word' id='word_1_111' title='bbox 307 1686 402 1739; x_wconf 84' lang='lat' dir='ltr'><strong>sexque</strong></span> <span class='ocrx_word' id='word_1_112' title='bbox 413 1686 512 1723; x_wconf 89' lang='lat' dir='ltr'><strong>menses</strong></span> <span class='ocrx_word' id='word_1_113' title='bbox 525 1667 585 1733; x_wconf 90' lang='lat' dir='ltr'><strong>dati,</strong></span> <span class='ocrx_word' id='word_1_114' title='bbox 599 1666 658 1737; x_wconf 90' lang='lat' dir='ltr'><strong>quis</strong></span> <span class='ocrx_word' id='word_1_115' title='bbox 671 1666 810 1721; x_wconf 85' lang='lat' dir='ltr'><strong>secundum</strong></span> <span class='ocrx_word' id='word_1_116' title='bbox 819 1666 892 1736; x_wconf 83' lang='lat' dir='ltr'><strong>jussa</strong></span> <span class='ocrx_word' id='word_1_117' title='bbox 902 1664 967 1737; x_wconf 84' lang='lat' dir='ltr'><strong>legis</strong></span> <span class='ocrx_word' id='word_1_118' title='bbox 984 1666 1097 1720; x_wconf 85' lang='lat' dir='ltr'><strong>rationes</strong></span> <span class='ocrx_word' id='word_1_119' title='bbox 1143 1661 1145 1712; x_wconf 83' lang='lat' dir='ltr'><strong>i</strong></span> 
     </span>
     <span class='ocr_line' id='line_1_19' title="bbox 263 1742 1145 1818; baseline -0.007 -15"><span class='ocrx_word' id='word_1_120' title='bbox 263 1746 300 1808; x_wconf 85' lang='lat'><strong>17</strong></span> <span class='ocrx_word' id='word_1_121' title='bbox 307 1746 441 1802; x_wconf 84' lang='lat' dir='ltr'><strong>familiares</strong></span> <span class='ocrx_word' id='word_1_122' title='bbox 453 1745 560 1818; x_wconf 87' lang='lat' dir='ltr'><strong>quisque</strong></span> <span class='ocrx_word' id='word_1_123' title='bbox 573 1748 761 1815; x_wconf 79' lang='lat' dir='ltr'><strong>componerent,</strong></span> <span class='ocrx_word' id='word_1_124' title='bbox 797 1743 867 1799; x_wconf 89' lang='lat' dir='ltr'><strong>Hinc</strong></span> <span class='ocrx_word' id='word_1_125' title='bbox 878 1742 965 1815; x_wconf 88' lang='lat' dir='ltr'><strong>inopia</strong></span> <span class='ocrx_word' id='word_1_126' title='bbox 975 1743 1015 1798; x_wconf 88' lang='lat' dir='ltr'><strong>rei</strong></span> <span class='ocrx_word' id='word_1_127' title='bbox 1026 1763 1098 1798; x_wconf 88' lang='lat' dir='ltr'><strong>num-</strong></span> <span class='ocrx_word' id='word_1_128' title='bbox 1143 1743 1145 1746; x_wconf 76' lang='grc'><strong>’</strong></span> 
     </span>
     <span class='ocr_line' id='line_1_20' title="bbox 306 1821 1098 1892; baseline -0.004 -14"><span class='ocrx_word' id='word_1_129' title='bbox 306 1823 399 1888; x_wconf 78' lang='lat' dir='ltr'><strong>maria,</strong></span> <span class='ocrx_word' id='word_1_130' title='bbox 413 1827 538 1878; x_wconf 88' lang='lat' dir='ltr'><strong>commoto</strong></span> <span class='ocrx_word' id='word_1_131' title='bbox 551 1821 626 1876; x_wconf 91' lang='lat' dir='ltr'><strong>simul</strong></span> <span class='ocrx_word' id='word_1_132' title='bbox 638 1821 750 1876; x_wconf 85' lang='lat' dir='ltr'><strong>omnium</strong></span> <span class='ocrx_word' id='word_1_133' title='bbox 761 1839 811 1876; x_wconf 78' lang='lat' dir='ltr'><strong>aere</strong></span> <span class='ocrx_word' id='word_1_134' title='bbox 829 1821 918 1885; x_wconf 86' lang='lat' dir='ltr'><strong>alieno,</strong></span> <span class='ocrx_word' id='word_1_135' title='bbox 931 1826 958 1875; x_wconf 93' lang='lat' dir='ltr'><strong>et</strong></span> <span class='ocrx_word' id='word_1_136' title='bbox 977 1821 1045 1892; x_wconf 85' lang='lat' dir='ltr'><strong>quia,</strong></span> <span class='ocrx_word' id='word_1_137' title='bbox 1056 1824 1098 1876; x_wconf 85' lang='lat' dir='ltr'><strong>tot</strong></span> 
     </span>
     <span class='ocr_line' id='line_1_21' title="bbox 306 1897 1145 1971; baseline -0.005 -16"><span class='ocrx_word' id='word_1_138' title='bbox 306 1901 431 1955; x_wconf 85' lang='lat' dir='ltr'><strong>damnatis</strong></span> <span class='ocrx_word' id='word_1_139' title='bbox 443 1899 566 1971; x_wconf 85' lang='lat' dir='ltr'><strong>bonisque</strong></span> <span class='ocrx_word' id='word_1_140' title='bbox 575 1917 662 1953; x_wconf 92' lang='lat' dir='ltr'><strong>eorum</strong></span> <span class='ocrx_word' id='word_1_141' title='bbox 670 1897 814 1964; x_wconf 83' lang='lat' dir='ltr'><strong>divenditis,</strong></span> <span class='ocrx_word' id='word_1_142' title='bbox 824 1898 952 1970; x_wconf 83' lang='lat' dir='ltr'><strong>signatum</strong></span> <span class='ocrx_word' id='word_1_143' title='bbox 962 1902 1096 1969; x_wconf 84' lang='lat' dir='ltr'><strong>argentum</strong></span> <span class='ocrx_word' id='word_1_144' title='bbox 1143 1933 1145 1938; x_wconf 91' lang='lat'><em>·</em></span> 
     </span>
     <span class='ocr_line' id='line_1_22' title="bbox 284 1975 1098 2046; baseline -0.004 -13"><span class='ocrx_word' id='word_1_145' title='bbox 284 1978 367 2038; x_wconf 73' lang='lat' dir='ltr'><strong>aliero</strong></span> <span class='ocrx_word' id='word_1_146' title='bbox 378 1977 419 2032; x_wconf 90' lang='lat' dir='ltr'><strong>vel</strong></span> <span class='ocrx_word' id='word_1_147' title='bbox 430 1977 517 2032; x_wconf 74' lang='lat' dir='ltr'><strong>ceramo</strong></span> <span class='ocrx_word' id='word_1_148' title='bbox 530 1975 694 2030; x_wconf 83' lang='lat' dir='ltr'><strong>attinebatur.</strong></span> <span class='ocrx_word' id='word_1_149' title='bbox 730 1975 772 2030; x_wconf 83' lang='lat' dir='ltr'><strong>Ad</strong></span> <span class='ocrx_word' id='word_1_150' title='bbox 783 1975 831 2030; x_wconf 90' lang='lat' dir='ltr'><strong>hoc</strong></span> <span class='ocrx_word' id='word_1_151' title='bbox 846 1979 950 2030; x_wconf 87' lang='lat' dir='ltr'><strong>senatus</strong></span> <span class='ocrx_word' id='word_1_152' title='bbox 966 1975 1098 2046; x_wconf 73' lang='lat' dir='ltr'><strong>prescrip</strong></span> 
     </span>
     <span class='ocr_line' id='line_1_23' title="bbox 306 2052 1097 2126; baseline -0.006 -15"><span class='ocrx_word' id='word_1_153' title='bbox 306 2059 382 2122; x_wconf 87' lang='lat' dir='ltr'><strong>seret,</strong></span> <span class='ocrx_word' id='word_1_154' title='bbox 396 2054 458 2110; x_wconf 85' lang='lat' dir='ltr'><strong>duas</strong></span> <span class='ocrx_word' id='word_1_155' title='bbox 471 2054 578 2126; x_wconf 89' lang='lat' dir='ltr'><strong>quisque</strong></span> <span class='ocrx_word' id='word_1_156' title='bbox 590 2052 684 2107; x_wconf 85' lang='lat' dir='ltr'><strong>fenoris</strong></span> <span class='ocrx_word' id='word_1_157' title='bbox 700 2058 786 2124; x_wconf 84' lang='lat' dir='ltr'><strong>partes</strong></span> <span class='ocrx_word' id='word_1_158' title='bbox 804 2053 832 2107; x_wconf 92' lang='lat' dir='ltr'><strong>in</strong></span> <span class='ocrx_word' id='word_1_159' title='bbox 847 2052 916 2124; x_wconf 87' lang='lat' dir='ltr'><strong>agris</strong></span> <span class='ocrx_word' id='word_1_160' title='bbox 931 2070 979 2123; x_wconf 88' lang='lat' dir='ltr'><strong>per</strong></span> <span class='ocrx_word' id='word_1_161' title='bbox 994 2052 1097 2107; x_wconf 83' lang='lat' dir='ltr'><strong>Italiam</strong></span> 
     </span>
     <span class='ocr_line' id='line_1_24' title="bbox 306 2129 1097 2202; baseline -0.006 -13"><span class='ocrx_word' id='word_1_162' title='bbox 306 2133 448 2188; x_wconf 87' lang='lat' dir='ltr'><strong>collocaret.</strong></span> <span class='ocrx_word' id='word_1_163' title='bbox 494 2131 545 2186; x_wconf 85' lang='lat' dir='ltr'><strong>Sed</strong></span> <span class='ocrx_word' id='word_1_164' title='bbox 567 2129 705 2186; x_wconf 87' lang='lat' dir='ltr'><strong>creditores</strong></span> <span class='ocrx_word' id='word_1_165' title='bbox 728 2130 756 2184; x_wconf 92' lang='lat' dir='ltr'><strong>in</strong></span> <span class='ocrx_word' id='word_1_166' title='bbox 779 2129 888 2185; x_wconf 88' lang='lat' dir='ltr'><strong>solidum</strong></span> <span class='ocrx_word' id='word_1_167' title='bbox 917 2129 1097 2202; x_wconf 80' lang='lat' dir='ltr'><strong>appellabant3</strong></span> 
     </span>
     <span class='ocr_line' id='line_1_25' title="bbox 281 2207 1098 2280; baseline -0.007 -13"><span class='ocrx_word' id='word_1_168' title='bbox 281 2222 353 2268; x_wconf 69' lang='lat' dir='ltr'><strong>enee</strong></span> <span class='ocrx_word' id='word_1_169' title='bbox 376 2210 496 2266; x_wconf 87' lang='lat' dir='ltr'><strong>decorum</strong></span> <span class='ocrx_word' id='word_1_170' title='bbox 519 2207 651 2280; x_wconf 85' lang='lat' dir='ltr'><strong>appellatis</strong></span> <span class='ocrx_word' id='word_1_171' title='bbox 674 2207 789 2262; x_wconf 88' lang='lat' dir='ltr'><strong>minuere</strong></span> <span class='ocrx_word' id='word_1_172' title='bbox 811 2207 894 2262; x_wconf 89' lang='lat' dir='ltr'><strong>iidem.</strong></span> <span class='ocrx_word' id='word_1_173' title='bbox 942 2208 986 2262; x_wconf 87' lang='lat' dir='ltr'><strong>lta</strong></span> <span class='ocrx_word' id='word_1_174' title='bbox 1014 2208 1098 2278; x_wconf 90' lang='lat' dir='ltr'><strong>primo</strong></span> 
     </span>
     <span class='ocr_line' id='line_1_26' title="bbox 306 2284 1097 2359; baseline -0.005 -15"><span class='ocrx_word' id='word_1_175' title='bbox 306 2289 467 2344; x_wconf 88' lang='lat' dir='ltr'><strong>concursatio</strong></span> <span class='ocrx_word' id='word_1_176' title='bbox 479 2291 505 2343; x_wconf 93' lang='lat' dir='ltr'><strong>et</strong></span> <span class='ocrx_word' id='word_1_177' title='bbox 517 2303 604 2359; x_wconf 90' lang='lat' dir='ltr'><strong>preces</strong></span> <span class='ocrx_word' id='word_1_178' title='bbox 614 2308 621 2353; x_wconf 89' lang='lat'>;</span> <span class='ocrx_word' id='word_1_179' title='bbox 641 2284 701 2340; x_wconf 90' lang='lat' dir='ltr'><strong>dein</strong></span> <span class='ocrx_word' id='word_1_180' title='bbox 713 2290 825 2357; x_wconf 86' lang='lat' dir='ltr'><strong>strepere</strong></span> <span class='ocrx_word' id='word_1_181' title='bbox 836 2286 952 2357; x_wconf 72' lang='lat' dir='ltr'><strong>praetoris</strong></span> <span class='ocrx_word' id='word_1_182' title='bbox 964 2285 1078 2340; x_wconf 87' lang='lat' dir='ltr'><strong>tribunal</strong></span> <span class='ocrx_word' id='word_1_183' title='bbox 1090 2306 1097 2350; x_wconf 79' lang='lat'>3</span> 
     </span>
     <span class='ocr_line' id='line_1_27' title="bbox 306 2363 1097 2438; baseline -0.003 -18"><span class='ocrx_word' id='word_1_184' title='bbox 306 2383 386 2437; x_wconf 85' lang='lat' dir='ltr'><strong>eaque</strong></span> <span class='ocrx_word' id='word_1_185' title='bbox 406 2385 462 2438; x_wconf 81' lang='lat' dir='ltr'><strong>quae</strong></span> <span class='ocrx_word' id='word_1_186' title='bbox 482 2363 593 2420; x_wconf 89' lang='lat' dir='ltr'><strong>remedio</strong></span> <span class='ocrx_word' id='word_1_187' title='bbox 617 2363 730 2434; x_wconf 80' lang='lat' dir='ltr'><strong>quesita,</strong></span> <span class='ocrx_word' id='word_1_188' title='bbox 755 2363 868 2418; x_wconf 88' lang='lat' dir='ltr'><strong>venditio</strong></span> <span class='ocrx_word' id='word_1_189' title='bbox 891 2367 918 2419; x_wconf 88' lang='lat' dir='ltr'><strong>et</strong></span> <span class='ocrx_word' id='word_1_190' title='bbox 941 2363 1044 2435; x_wconf 86' lang='lat' dir='ltr'><strong>emptio,</strong></span> <span class='ocrx_word' id='word_1_191' title='bbox 1069 2364 1097 2418; x_wconf 91' lang='lat' dir='ltr'><strong>in</strong></span> 
     </span>
     <span class='ocr_line' id='line_1_28' title="bbox 306 2441 1096 2513; baseline -0.004 -15"><span class='ocrx_word' id='word_1_192' title='bbox 306 2445 459 2498; x_wconf 87' lang='lat' dir='ltr'><strong>contrarium</strong></span> <span class='ocrx_word' id='word_1_193' title='bbox 477 2442 577 2507; x_wconf 86' lang='lat' dir='ltr'><strong>mutari,</strong></span> <span class='ocrx_word' id='word_1_194' title='bbox 597 2441 657 2512; x_wconf 85' lang='lat' dir='ltr'><strong>quia</strong></span> <span class='ocrx_word' id='word_1_195' title='bbox 673 2441 828 2496; x_wconf 86' lang='lat' dir='ltr'><strong>feneratores</strong></span> <span class='ocrx_word' id='word_1_196' title='bbox 846 2460 946 2496; x_wconf 88' lang='lat' dir='ltr'><strong>omnem</strong></span> <span class='ocrx_word' id='word_1_197' title='bbox 963 2442 1096 2513; x_wconf 84' lang='lat' dir='ltr'><strong>pecuniam</strong></span> 
     </span>
     <span class='ocr_line' id='line_1_29' title="bbox 283 2490 1145 2592; baseline -0.003 -18"><span class='ocrx_word' id='word_1_198' title='bbox 283 2521 445 2580; x_wconf 68' lang='lat' dir='ltr'><strong>amercandis</strong></span> <span class='ocrx_word' id='word_1_199' title='bbox 464 2519 531 2592; x_wconf 86' lang='lat' dir='ltr'><strong>agris</strong></span> <span class='ocrx_word' id='word_1_200' title='bbox 544 2517 716 2574; x_wconf 85' lang='lat' dir='ltr'><strong>condiderant.</strong></span> <span class='ocrx_word' id='word_1_201' title='bbox 753 2518 858 2590; x_wconf 84' lang='lat' dir='ltr'><strong>Oopiam</strong></span> <span class='ocrx_word' id='word_1_202' title='bbox 870 2518 996 2574; x_wconf 83' lang='lat' dir='ltr'><strong>vendendi</strong></span> <span class='ocrx_word' id='word_1_203' title='bbox 1008 2525 1098 2574; x_wconf 89' lang='lat' dir='ltr'><strong>secuta</strong></span> <span class='ocrx_word' id='word_1_204' title='bbox 1142 2490 1145 2571; x_wconf 85' lang='lat' dir='ltr'><strong>l</strong></span> 
     </span>
     <span class='ocr_line' id='line_1_30' title="bbox 305 2595 1095 2668; baseline -0.001 -16"><span class='ocrx_word' id='word_1_205' title='bbox 305 2597 410 2663; x_wconf 85' lang='lat' dir='ltr'><strong>vilitate,</strong></span> <span class='ocrx_word' id='word_1_206' title='bbox 431 2602 526 2668; x_wconf 89' lang='lat' dir='ltr'><strong>quanto</strong></span> <span class='ocrx_word' id='word_1_207' title='bbox 550 2597 606 2668; x_wconf 90' lang='lat' dir='ltr'><strong>quis</strong></span> <span class='ocrx_word' id='word_1_208' title='bbox 630 2595 771 2662; x_wconf 84' lang='lat' dir='ltr'><strong>obaeratior,</strong></span> <span class='ocrx_word' id='word_1_209' title='bbox 796 2597 889 2668; x_wconf 76' lang='lat' dir='ltr'><strong>agrius</strong></span> <span class='ocrx_word' id='word_1_210' title='bbox 912 2596 1095 2661; x_wconf 69' lang='lat' dir='ltr'><strong>annuebant,</strong></span> 
     </span>
     <span class='ocr_line' id='line_1_31' title="bbox 305 2671 1096 2746; baseline -0.001 -17"><span class='ocrx_word' id='word_1_211' title='bbox 305 2675 429 2746; x_wconf 90' lang='lat' dir='ltr'><strong>multique</strong></span> <span class='ocrx_word' id='word_1_212' title='bbox 436 2673 545 2728; x_wconf 85' lang='lat' dir='ltr'><strong>fortunis</strong></span> <span class='ocrx_word' id='word_1_213' title='bbox 557 2671 787 2744; x_wconf 85' lang='lat' dir='ltr'><strong>provolvebantur3</strong></span> <span class='ocrx_word' id='word_1_214' title='bbox 805 2675 903 2730; x_wconf 84' lang='lat' dir='ltr'><strong>eversio</strong></span> <span class='ocrx_word' id='word_1_215' title='bbox 915 2674 954 2729; x_wconf 90' lang='lat' dir='ltr'><strong>rei</strong></span> <span class='ocrx_word' id='word_1_216' title='bbox 965 2673 1096 2728; x_wconf 82' lang='lat' dir='ltr'><strong>familiaris</strong></span> 
     </span>
     <span class='ocr_line' id='line_1_32' title="bbox 305 2750 1096 2824; baseline -0.001 -17"><span class='ocrx_word' id='word_1_217' title='bbox 305 2752 456 2824; x_wconf 87' lang='lat' dir='ltr'><strong>dignitatem</strong></span> <span class='ocrx_word' id='word_1_218' title='bbox 471 2769 501 2806; x_wconf 85' lang='lat' dir='ltr'><strong>ao</strong></span> <span class='ocrx_word' id='word_1_219' title='bbox 521 2751 613 2805; x_wconf 86' lang='lat' dir='ltr'><strong>famam</strong></span> <span class='ocrx_word' id='word_1_220' title='bbox 628 2767 740 2822; x_wconf 84' lang='lat' dir='ltr'><strong>praeceps</strong></span> <span class='ocrx_word' id='word_1_221' title='bbox 752 2750 836 2817; x_wconf 86' lang='lat' dir='ltr'><strong>dabat,</strong></span> <span class='ocrx_word' id='word_1_222' title='bbox 856 2751 936 2806; x_wconf 88' lang='lat' dir='ltr'><strong>donec</strong></span> <span class='ocrx_word' id='word_1_223' title='bbox 947 2751 1009 2806; x_wconf 90' lang='lat' dir='ltr'><strong>tulit</strong></span> <span class='ocrx_word' id='word_1_224' title='bbox 1021 2769 1096 2822; x_wconf 88' lang='lat' dir='ltr'><strong>opem</strong></span> 
     </span>
     <span class='ocr_line' id='line_1_33' title="bbox 306 2829 1096 2900; baseline -0.004 -15"><span class='ocrx_word' id='word_1_225' title='bbox 306 2831 391 2885; x_wconf 85' lang='lat' dir='ltr'><strong>Caesar</strong></span> <span class='ocrx_word' id='word_1_226' title='bbox 408 2829 531 2900; x_wconf 90' lang='lat' dir='ltr'><strong>disposito</strong></span> <span class='ocrx_word' id='word_1_227' title='bbox 548 2845 594 2898; x_wconf 88' lang='lat' dir='ltr'><strong>per</strong></span> <span class='ocrx_word' id='word_1_228' title='bbox 610 2845 709 2882; x_wconf 89' lang='lat' dir='ltr'><strong>mensas</strong></span> <span class='ocrx_word' id='word_1_229' title='bbox 727 2829 817 2884; x_wconf 86' lang='lat' dir='ltr'><strong>millies</strong></span> <span class='ocrx_word' id='word_1_230' title='bbox 838 2829 964 2894; x_wconf 85' lang='lat' dir='ltr'><strong>sestertio,</strong></span> <span class='ocrx_word' id='word_1_231' title='bbox 977 2829 1096 2900; x_wconf 84' lang='lat' dir='ltr'><strong>factaque</strong></span> 
     </span>
     <span class='ocr_line' id='line_1_34' title="bbox 305 2904 1097 2978; baseline -0.004 -15"><span class='ocrx_word' id='word_1_232' title='bbox 305 2907 438 2963; x_wconf 84' lang='lat' dir='ltr'><strong>mutuandi</strong></span> <span class='ocrx_word' id='word_1_233' title='bbox 458 2906 530 2978; x_wconf 84' lang='lat' dir='ltr'><strong>copia</strong></span> <span class='ocrx_word' id='word_1_234' title='bbox 547 2905 602 2959; x_wconf 88' lang='lat' dir='ltr'><strong>sine</strong></span> <span class='ocrx_word' id='word_1_235' title='bbox 617 2904 703 2960; x_wconf 85' lang='lat' dir='ltr'><strong>usuris</strong></span> <span class='ocrx_word' id='word_1_236' title='bbox 723 2924 770 2977; x_wconf 90' lang='lat' dir='ltr'><strong>per</strong></span> <span class='ocrx_word' id='word_1_237' title='bbox 786 2907 932 2971; x_wconf 89' lang='lat' dir='ltr'><strong>triennium,</strong></span> <span class='ocrx_word' id='word_1_238' title='bbox 952 2905 975 2960; x_wconf 91' lang='lat' dir='ltr'><strong>si</strong></span> <span class='ocrx_word' id='word_1_239' title='bbox 994 2905 1097 2961; x_wconf 88' lang='lat' dir='ltr'><strong>debitor</strong></span> 
     </span>
     <span class='ocr_line' id='line_1_35' title="bbox 283 2981 1095 3057; baseline -0.01 -10"><span class='ocrx_word' id='word_1_240' title='bbox 283 2986 399 3057; x_wconf 78' lang='lat' dir='ltr'><strong>spopuo</strong></span> <span class='ocrx_word' id='word_1_241' title='bbox 414 2985 441 3041; x_wconf 89' lang='lat' dir='ltr'><strong>in</strong></span> <span class='ocrx_word' id='word_1_242' title='bbox 457 2983 562 3056; x_wconf 88' lang='lat' dir='ltr'><strong>duplum</strong></span> <span class='ocrx_word' id='word_1_243' title='bbox 577 2981 679 3054; x_wconf 85' lang='lat' dir='ltr'><strong>praediis</strong></span> <span class='ocrx_word' id='word_1_244' title='bbox 692 2984 809 3041; x_wconf 71' lang='lat' dir='ltr'><strong>oavnsct.</strong></span> <span class='ocrx_word' id='word_1_245' title='bbox 846 2984 889 3039; x_wconf 83' lang='lat' dir='ltr'><strong>Sic</strong></span> <span class='ocrx_word' id='word_1_246' title='bbox 906 2983 1003 3039; x_wconf 81' lang='lat' dir='ltr'><strong>reiecta</strong></span> <span class='ocrx_word' id='word_1_247' title='bbox 1022 2983 1095 3050; x_wconf 84' lang='lat' dir='ltr'><strong>tides,</strong></span> 
     </span>
    </p>
   </div>
   <div class='ocr_carea' id='block_1_3' title="bbox 0 0 1280 3500">
    <p class='ocr_par' dir='ltr' id='par_1_3' title="bbox 0 0 1280 3500">
     <span class='ocr_line' id='line_1_36' title="bbox 0 0 1280 3500; baseline 0 1"><span class='ocrx_word' id='word_1_248' title='bbox 0 0 1280 3500; x_wconf 95' lang='lat' dir='ltr'><strong> </strong></span> 
     </span>
    </p>
   </div>
  </div>
 </body>
</html>
