2550 3500
305 368 354 416 224
640 366 760 415 TACITI

930 427 965 476 [r.
976 427 1003 465 u.
1013 427 1036 465 c.
1052 428 1099 467 111.

305 478 454 545 immunivit,
472 478 556 533 missis
571 479 615 550 qui
631 482 740 548 majores
758 475 875 531 Chaucos
891 475 925 530 ad
942 476 1100 531 deditionem

283 556 457 626 sperauerant,
471 555 546 609 simul
555 555 715 610 Gannascum
725 553 783 608 dolo
794 552 1001 623 aggrederentur.
1040 554 1100 608 Nec

305 633 383 687 inite
394 637 439 687 aut
451 631 586 703 degeneres
598 632 696 687 insidiae
713 631 792 695 inere,
805 630 926 685 adversus
937 630 1101 702 transfugam

283 714 332 767 oet
349 709 494 763 violatorem
512 708 578 763 fidei.
616 709 666 764 Sed
683 708 751 763 oaede
769 708 825 778 ejus
842 711 918 762 motae
936 708 1101 762 Chaucorum

306 790 411 852 mentes,
436 794 463 840 ct
487 785 598 841 Corbulo
622 787 718 841 semina
740 784 1045 856 rebellionis‘prabebat,
1067 790 1101 839 ut

305 863 364 918 laeta
380 862 447 934 apud
462 862 603 934 plerosque,
621 864 659 918 ita
676 862 744 934 apud
761 862 881 934 quosdam
900 863 1004 916 sinistra
1020 862 1100 916 fama.

284 941 360 995 6011
371 940 470 994 hostem
482 940 613 995 conciret?
631 940 746 994 Adversa
754 940 781 993 in
790 958 843 993 rem
854 938 981 1010 pubhcam
990 957 1100 993 casura:

307 1018 347 1072 sin
358 1034 476 1087 prospere
485 1017 587 1089 egisset,
600 1017 790 1071 formidolosum
802 1017 859 1087 paci
869 1017 952 1071 virum
960 1016 1100 1087 insignem,

285 1098 333 1152 'let
347 1093 438 1165 ignavo
459 1094 566 1165 principi
586 1112 747 1166 praegravem.
784 1094 870 1165 Igitur
893 1092 1014 1147 Claudius
1034 1093 1101 1147 adeo

307 1170 431 1225 novamin
439 1172 583 1227 Germanias
592 1172 644 1225 vim
651 1170 787 1242 prohibuit,
796 1174 826 1224 ut
838 1170 928 1225 referri
936 1169 1055 1241 praesidia
1061 1172 1101 1225 cis

262 1254 300 1307 20
308 1248 426 1302 Rhenum
441 1247 550 1318 juberet.
585 1248 644 1302 Jam
661 1253 745 1302 castra
761 1248 789 1303 in
807 1248 894 1301 hostili
911 1248 966 1301 solo
984 1248 1103 1303 molienti

309 1324 448 1380 Corbuloni
463 1343 500 1379 eae
513 1324 606 1379 litterra
621 1324 771 1380 redduntur.
807 1324 856 1379 Ille
872 1343 902 1379 re
915 1324 1007 1389 subita,
1022 1343 1104 1395 qaan-

310 1421 386 1473 quam
397 1402 479 1457 multa
490 1402 566 1456 simul
577 1401 776 1467 offunderentur‚
793 1405 878 1457 metus
890 1420 923 1455 ex
939 1402 1103 1472 imperatore,

310 1481 465 1551 contemptio
473 1498 505 1533 ex
512 1478 631 1543 barbaris,
640 1477 778 1533 ludibrium
786 1478 855 1549 apud
861 1479 951 1543 socios
961 1478 1027 1533 nihil
1034 1479 1105 1533 aliud

310 1558 456 1629 prolocutus
478 1574 553 1628 qnam
574 1557 684 1611 “beatos
702 1556 828 1627 quondam
849 1556 926 1611 duces
945 1557 1104 1621 Romanos,”
1145 1611 1146 1616 ,

287 1636 410 1707 asignum
422 1633 536 1705 receptui
548 1632 625 1688 dedit.
662 1634 702 1688 Ut
710 1639 796 1688 tamen
808 1633 881 1687 miles
892 1634 974 1687 otium
986 1638 1103 1698 exueret,
1145 1633 1146 1642 ’

310 1713 377 1768 inter
386 1712 487 1767 Mosam
496 1710 665 1782 Rhenumque
673 1711 753 1766 trium
762 1715 789 1766 et
800 1710 893 1782 viginti
902 1710 1009 1765 millium
1019 1712 1104 1783 spatio

287 1790 402 1850 siossam
414 1787 540 1859 perduxit,
553 1805 603 1858 qua
613 1788 711 1842 incerta
722 1788 816 1844 Oceani
829 1792 983 1842 vetarentur.
1019 1789 1105 1860 Insig·

310 1867 353 1922 1111
374 1870 460 1920 tamen
482 1865 605 1935 triumphi
622 1865 728 1920 indulsit
752 1865 844 1931 Ooesar,
870 1865 985 1937 quamvis
1007 1864 1106 1921 bellum

310 1943 462 2016 negavisset.

286 2029 303 2074 a
346 2021 402 2075 Nec
425 2019 506 2075 multo
529 2022 588 2091 post
611 2019 717 2074 Curtius
740 2019 827 2076 Rufus
848 2017 957 2074 eundem
980 2019 1107 2076 honorem

311 2097 466 2170 adipiscitur,
494 2097 538 2168 qui
561 2096 589 2151 in
612 2114 673 2168 agro
700 2097 826 2151 Mattiaco
848 2095 988 2150 recluserat
1010 2115 1107 2167 specus

312 2174 452 2246 quaerendis
475 2175 547 2230 venis
565 2173 680 2243 argenti3
697 2173 766 2228 unda
789 2174 875 2228 tennis
892 2173 993 2228 fructas
1010 2192 1060 2228 nec
1077 2175 1106 2232 in

311 2253 415 2325 longum
432 2252 489 2318 fuit,
507 2255 534 2306 at
551 2250 693 2323 legionibus
711 2268 769 2305 cum
787 2250 878 2304 damno
895 2249 973 2315 labor,
993 2250 1106 2306 effodere

311 2331 387 2398 rivos,
411 2347 516 2400 quaeque
534 2329 562 2383 111
585 2332 675 2398 aperto
691 2328 786 2400 gravia,
804 2327 911 2382 humum
927 2327 994 2382 inira
1010 2328 1105 2382 mabri.

287 2407 381 2466 tthuis
404 2406 525 2462 subactus
548 2405 627 2471 miles,
650 2409 677 2460 et
701 2405 761 2475 qnia
782 2404 869 2475 pluras
892 2423 938 2475 per
960 2405 1105 2475 provincias

312 2482 594 2548 similiatolerabantnr,
612 2482 741 2553 componit
751 2481 872 2555 ⁴occultas
887 2481 987 2536 litteras
1001 2482 1105 2537 nomine

312 2559 475 2626 exercituum,
499 2559 657 2630 precantium
677 2559 856 2629 imperatorem
875 2562 915 2625 ut,
935 2558 1028 2629 quibas
1049 2577 1105 2629 per-

312 2636 436 2690 missurus
454 2638 522 2690 esset
540 2635 675 2699 exercitus,
699 2635 863 2705 trinmphnha
885 2639 944 2690 ante
968 2634 1103 2691 tribueret.

264 2715 300 2768 21
312 2713 352 2767 De
364 2711 460 2782 origine
477 2711 560 2765 Curtii
576 2711 645 2775 Rufi,
663 2729 738 2781 quem
753 2711 893 2782 gladiatore
913 2712 1031 2783 genitum
1050 2713 1105 2783 qui-

312 2789 369 2844 dam
389 2787 529 2860 prodidere,
548 2805 630 2857 neque
651 2787 715 2842 falsa
732 2789 899 2860 prompserim
917 2793 944 2843 et
963 2807 1024 2844 vera
1046 2808 1104 2846 exe

288 2867 355 2938 aqui
367 2864 453 2937 pudet.
489 2864 628 2934 Postquam
646 2863 763 2930 adoleuit,
782 2869 893 2920 sectator
910 2866 1045 2935 quaestoris
1061 2866 1104 2921 cui

311 2943 399 2998 Airica
410 2941 544 3014 obtigerat,
563 2939 623 2996 dum
640 2941 667 2996 in
684 2941 777 3013 oppido
794 2941 936 2998 Adrumeto
953 2943 1041 2998 vacuis
1058 2962 1103 3014 per
