2550 3500
313 372 359 423 176
646 369 764 419 TACITI

947 434 981 483 [e.
990 434 1017 473 o.
1025 436 1048 475 c,
1058 434 1104 476 ren

311 483 413 537 interim
436 482 543 553 repertis
566 482 637 537 vadis
666 482 730 537 alam
754 482 954 547 Canninefatem,
979 488 1006 537 et
1031 486 1106 555 quod

311 561 426 632 peditum
445 560 627 615 Germanorum
649 560 716 615 inter
733 564 834 615 nostros
851 560 972 626 merebat,
992 562 1106 616 circum-

312 637 384 708 gredi
402 641 475 707 terga
497 637 609 691 hostium
630 636 720 708 jubet;
748 638 792 707 qui
813 638 865 709 jam
889 637 942 692 acie
965 639 1105 709 compositi

312 714 410 785 pellunt
430 718 527 768 turmas
547 713 651 768 sociales
675 714 823 785 equitesque
840 714 968 785 legionum
986 714 1104 769 subsidio

288 791 410 845 amissos.
446 791 511 845 Tum
523 793 576 845 tres
587 790 656 845 leves
668 791 792 856 cohortes,
806 809 834 846 ac
849 810 951 845 rursum
963 791 1028 856 due,
1042 791 1105 846 dein

312 871 427 939 tempore
444 867 578 938 interjecto
595 867 687 921 alarius
705 886 782 938 eques
799 868 935 922 immissus.
972 868 1041 922 Satis
1060 888 1105 922 va-

312 944 364 1010 lidi,
378 945 401 999 si
412 944 487 999 simul
498 944 680 1010 incubuissent,
693 963 738 1016 per
755 944 915 999 intervallum
933 944 1103 1001 adventantes

312 1040 395 1091 neque
412 1021 580 1076 constantiam
596 1021 744 1075 addiderant
761 1022 879 1087 turbatis,
899 1025 925 1076 et
946 1040 1040 1090 pavore
1060 1022 1104 1075 fu-

288 1098 437 1169 4gicutinm
449 1098 634 1152 auferebantur.
661 1098 775 1169 Cethego
786 1099 900 1153 Labeoni
907 1098 991 1169 legato
1003 1099 1103 1169 quinte

312 1176 426 1247 legionis,
440 1175 508 1247 quod
519 1175 644 1246 reliquom
660 1174 817 1241 omilim,
830 1176 916 1230 tradit.
952 1177 1041 1247 Atque
1058 1176 1102 1230 ille

313 1252 390 1307 dubia
401 1271 503 1307 suorum
520 1272 555 1318 re,
568 1252 595 1307 in
610 1271 702 1323 auceps
719 1257 824 1318 tractus,
837 1254 920 1308 missis
938 1254 1036 1307 nuntiis
1048 1254 1102 1307 vim

289 1330 439 1401 clegionum
451 1329 608 1401 implorabat.
645 1330 818 1401 Prorumpunt
830 1330 945 1401 quintani
956 1335 1016 1385 ante
1028 1330 1100 1395 alios,

313 1412 340 1462 et
361 1408 413 1463 aeri
432 1425 518 1479 pugne
535 1408 611 1461 hoste
627 1407 701 1477 pulso
718 1408 843 1478 recipiunt
861 1408 978 1463 cohortes
997 1408 1101 1478 alasque

289 1484 393 1543 6fessas
416 1484 569 1540 vulneribus.
606 1484 698 1555 Neque
722 1483 772 1538 dux
798 1485 929 1540 Romanus
953 1486 1036 1540 ultum
1060 1486 1099 1550 iit,

314 1566 358 1617 aut
371 1580 476 1633 corpora
486 1562 607 1627 humavit,
621 1580 763 1632 quanquam
774 1562 849 1617 multi
863 1563 1023 1618 tribunorum
1037 1582 1100 1635 prae·
1141 1621 1142 1638 ,

290 1640 488 1709 7lectorumque
500 1642 526 1693 et
545 1639 657 1710 insignes
669 1640 828 1694 centuriones
841 1640 998 1696 cecidissent.
1034 1641 1100 1696 Mox

314 1720 469 1788 compertum
483 1734 499 1771 a
515 1715 655 1788 transfugis
672 1721 814 1788 nongentos
832 1716 1012 1784 Romanorum,
1032 1718 1100 1790 apud

312 1793 398 1848 lucum
415 1812 489 1864 quem
507 1791 671 1848 Baduhennre
693 1796 792 1858 vocant,
816 1811 903 1864 pugna
921 1794 949 1848 in
969 1801 1100 1866 posterum

316 1873 431 1924 extracta
442 1868 585 1933 contectos;
604 1872 630 1922 et
643 1868 716 1923 aliam
734 1869 977 1942 quadringentorum
990 1889 1101 1936 manum,

317 1950 440 2017 occupata
457 1944 613 2016 Cruptoricis
631 1944 758 2015 quondam
775 1946 933 2017 stipendiarii
950 1947 1017 2012 villa,
1032 1954 1103 2019 post

317 2042 391 2094 quam
404 2022 513 2094 proditio
524 2021 693 2087 metuebatur,
706 2023 803 2077 mutuis
820 2023 914 2079 ictibus
929 2024 1101 2096 procubuisse.

272 2101 421 2160 740larum
443 2099 502 2155 inde
525 2100 592 2154 inter
616 2099 754 2154 Germanos
777 2100 888 2154 Frisium
910 2119 1010 2167 nomen,
1029 2103 1101 2157 dissi·

317 2179 430 2233 mutante
453 2176 554 2252 Tiberio
578 2175 676 2241 damna,
697 2195 730 2231 ne
753 2177 796 2232 eui
819 2177 912 2231 bellum
935 2179 1101 2249 permitteret.

293 2257 409 2327 2Neque
433 2259 535 2310 senatus
553 2253 580 2308 in
598 2271 628 2308 eo
646 2272 714 2319 cura,
733 2273 765 2308 an
782 2255 881 2325 imperii
898 2263 1011 2310 extrema
1028 2256 1102 2311 deho

317 2336 493 2388 nestarentur:
511 2349 590 2402 pavor
613 2331 728 2386 intentus
749 2337 916 2402 occupaverat
933 2334 1036 2398 animos,
1060 2336 1102 2389 cui
1137 2332 1140 2399 l

294 2411 457 2473 aremedium
474 2409 618 2464 adulatione
642 2409 809 2480 quaerebatur.
844 2410 888 2464 Ita
905 2429 1048 2481 quanquam
1065 2412 1102 2466 di-
1137 2400 1138 2453 l

317 2488 397 2542 versis
428 2505 505 2559 super
532 2486 609 2542 rebus
633 2485 831 2555 consulerentur,
855 2504 924 2541 aram
948 2488 1099 2554 Clementia,

318 2583 387 2619 aram
405 2564 538 2628 Amicitia,
560 2563 705 2635 effigiesque
725 2564 819 2618 cineum
840 2563 947 2620 Caesaris
968 2584 997 2620 ac
1018 2567 1101 2637 Sejani

318 2659 453 2707 censuere3
472 2640 616 2712 crebrisque
635 2639 751 2712 precibus
763 2641 942 2713 efflagitabant,
954 2643 1051 2698 visendi
1062 2645 1101 2698 sui

293 2719 416 2792 inopiam
427 2718 547 2773 iacerent.
582 2717 644 2772 Non
655 2717 692 2772 illi
703 2721 789 2772 tamen
805 2718 832 2773 in
843 2719 932 2775 urbem
943 2724 989 2774 ant
1004 2721 1100 2792 propin-

319 2817 369 2871 qua
385 2797 443 2853 urbi
455 2796 567 2868 degressi
585 2800 661 2852 sunt:
681 2797 743 2852 satis
760 2798 843 2853 visum
861 2799 979 2853 omittere
995 2799 1099 2854 insulam

293 2882 345 2944 net
365 2877 392 2932 iu
414 2875 530 2948 proximo
551 2873 695 2946 Campanie
718 2876 803 2947 aspici.
838 2876 878 2931 Eo
900 2876 986 2931 venire
1009 2883 1098 2948 patres,

318 2973 402 3027 eques,
426 2971 518 3025 magna
535 2969 594 3024 pars
611 2951 699 3023 plebis,
718 2953 786 3009 anxii
806 2971 867 3024 erga
883 2953 1011 3025 Sejanum,
1029 2956 1098 3026 cnjus
