2550 3500
198 459 215 496 A
231 459 249 497 D
265 457 306 506 1⁵]
420 396 616 444 ANNALIUM
634 397 655 444 1.
668 397 772 446 59-63.
959 398 992 447 ³7

198 507 319 562 bobonum
340 513 368 562 et
388 512 484 563 sortem
503 508 642 564 hominnm.
678 509 814 564 Praemisso
835 508 940 574 Omcina,
961 512 1016 565 uta

196 585 297 640 occulta
314 584 425 639 saltuum
442 590 607 652 scrutaretur,
621 590 762 657 pontesque
779 592 806 640 et
824 604 929 657 aggeres
947 587 993 642 hu·

195 663 263 718 mido
275 663 397 734 paludum
409 668 435 719 et
451 664 581 720 fallacibus
599 665 694 736 eampis
710 664 993 736 imponeretincednnt

195 746 298 796 maestos
321 740 398 807 locos,
416 742 523 813 visuque
547 761 576 796 ac
596 742 718 796 memoria
737 741 870 797 deformes.
906 743 1016 798 Primat

194 817 258 873 Vari
276 822 367 884 castra,
386 819 438 874 lato
456 819 552 875 ambitu
570 823 596 874 et
614 819 736 875 dimensis
756 819 896 892 principiis,
913 820 993 876 trium

193 895 324 966 legionum
340 915 429 952 manus
446 895 624 964 ostentabaut;
643 896 703 952 dein
717 897 840 952 semiruto
859 897 930 964 vallo,
947 899 994 954 hu·

193 973 248 1028 mili
266 973 336 1028 fossa
352 975 440 1031 accisae
455 974 507 1046 jam
524 975 637 1046 reliquie
654 974 799 1030 consedisse
814 974 994 1048 intellegeban-

192 1055 252 1106 tur:
278 1050 362 1106 medio
382 1052 464 1123 campi
485 1052 596 1107 albentia
616 1069 682 1119 ossa,
703 1057 734 1107 nt
754 1052 880 1124 fugerant,
902 1057 933 1107 nt
952 1071 993 1109 re-

192 1128 322 1194 stiterant,
341 1128 447 1200 disjecta
463 1129 505 1185 vel
523 1134 652 1201 aggerata.
673 1129 847 1202 ,Adjecebaut
867 1131 1017 1202 fragmiuat

192 1206 303 1262 telorum
331 1224 503 1278 equorumque
531 1212 609 1273 artus,
639 1207 714 1262 simul
744 1208 842 1263 truncis
874 1208 992 1263 ariorum

191 1284 367 1338 antefixaora.
403 1284 482 1339 Lucis
494 1284 642 1356 propinquis
654 1283 836 1350 barbaraeare,
849 1285 917 1357 apud
928 1295 1015 1357 quast
1069 1283 1074 1289 ’

192 1361 311 1416 tribunos
335 1379 365 1417 ac
385 1362 524 1434 primorum
548 1361 666 1417 ordinum
685 1363 847 1418 centuriones
868 1367 992 1419 mamare·

190 1443 259 1494 rant.
295 1439 331 1494 nt
348 1439 426 1494 eladis
445 1440 499 1512 ejus
517 1441 677 1511 superstites,
695 1458 806 1512 pugnam
825 1445 871 1496 aut
890 1442 1014 1497 vinculat

191 1515 280 1587 elapsi,
305 1515 449 1572 referebant
477 1517 518 1572 hie
546 1517 667 1572 cecidisse
694 1517 801 1589 legatos,
825 1517 877 1573 illio
904 1524 991 1590 raptas

190 1593 289 1665 aquilas
297 1615 305 1660 ;
323 1594 432 1665 primum
447 1593 492 1650 ubi
507 1593 599 1650 vulnus
611 1595 682 1648 Varo
698 1594 823 1661 adactum,
836 1594 881 1650 ubi
896 1595 989 1652 infelici

190 1672 298 1727 dextera
318 1675 347 1726 et
367 1689 413 1727 suo
432 1671 486 1727 ictu
507 1676 615 1727 mortem
636 1673 777 1741 invenerit3
798 1691 849 1745 qno
869 1673 991 1730 tribunali

190 1749 356 1806 concionatus
385 1750 523 1816 Arminius,
550 1755 613 1822 quot
641 1751 756 1823 patibula
789 1751 904 1824 captivis,
933 1771 990 1824 que

190 1827 312 1895 scrobes3
329 1832 410 1899 utque
422 1828 501 1900 signis
514 1832 540 1883 et
552 1829 643 1899 aquilis
654 1848 701 1901 per
711 1830 855 1901 superbiam
870 1830 987 1886 illuserit·

226 1905 314 1977 Igitur
334 1906 466 1960 Romanus
487 1906 532 1977 qui
550 1906 637 1962 aderat
656 1907 791 1973 exereitus,
810 1911 912 1962 sextum
929 1912 988 1980 post
998 1906 1035 1961 62

179 1983 269 2055 palatiis
293 2001 395 2048 annum,
419 1983 499 2038 trium
523 1983 652 2059 legionum
679 2003 744 2050 ossa,
768 1984 839 2039 nullo
865 1990 989 2042 noscente

188 2062 285 2117 alienes
307 2061 425 2133 reliquias
446 2079 479 2116 au
500 2079 604 2116 suorum
624 2062 703 2118 humo
724 2067 831 2135 tegeret,
850 2081 937 2118 omnes
958 2068 989 2120 ut

188 2139 348 2211 conjunctos,
376 2143 407 2193 ut
430 2140 638 2211 consanguineos,
664 2146 740 2195 ancta
763 2141 791 2196 in
813 2140 914 2196 hostem
942 2141 987 2208 ira,

187 2216 273 2271 mesti
285 2216 360 2271 simul
372 2221 398 2271 et
411 2216 504 2271 infensi
519 2216 669 2274 condebant.
706 2218 820 2273 Primum
835 2219 1013 2275 exstruendot

187 2293 290 2349 bimulo
308 2294 436 2367 cespitem
454 2292 540 2349 Cesar
560 2294 654 2367 posuit,
672 2296 817 2367 gratissimo
837 2315 941 2351 munere
962 2298 990 2353 in

178 2372 332 2437 defunctos,
346 2376 372 2427 et
385 2370 551 2443 presentibus
564 2372 658 2427 doloris
670 2373 761 2429 socius.
798 2372 876 2433 Quod
887 2374 1012 2433 liberios

186 2448 259 2505 haud
285 2449 427 2521 probatum,
452 2468 498 2505 seu
528 2454 621 2505 cuncta
648 2450 792 2507 Germanioi
820 2451 848 2506 in
875 2452 988 2508 deterius

187 2528 310 2594 trahenti,
332 2529 385 2585 sive
408 2530 549 2585 exercitum
572 2530 682 2602 imagine
705 2549 827 2586 cesorum
851 2530 989 2603 insepulte

187 2624 297 2677 rumque
308 2606 437 2662 tardatmn
449 2606 482 2662 ad
497 2606 583 2679 praelia
595 2612 621 2663 et
637 2608 864 2664 formidolosiorem
876 2609 989 2664 hostium

188 2682 410 2755 credebaturque
427 2684 605 2756 imperatorem
621 2691 750 2757 auguratu
766 2689 793 2741 et
809 2687 989 2743 vetustissimis

188 2760 338 2816 cerimoniis
351 2762 486 2833 preditum
498 2766 636 2818 attrectare
647 2763 735 2818 feralia
746 2762 871 2819 debuisse.

225 2837 274 2893 Sed
287 2834 452 2894 Germanicus
465 2838 596 2895 cedentem
608 2840 636 2895 in
647 2842 706 2896 avia
718 2841 860 2895 Arminium
876 2844 987 2905 secutus,
997 2840 1035 2895 63

190 2914 233 2970 ubi
245 2916 355 2986 primum
366 2917 439 2988 eopia
449 2916 508 2982 fuit,
521 2918 594 2973 erebi
610 2918 717 2990 equites,
727 2927 900 2989 campumque,
913 2937 988 2989 quem

190 2991 271 3049 hostis
288 2994 423 3063 insederat,
440 2994 504 3067 eripi
518 2994 600 3067 jubet.
635 2996 768 3051 Arminius
784 2994 870 3066 colligi
885 3013 945 3049 suos
961 2998 1011 3051 eta
