2550 3500
426 674 460 733 O.
496 670 758 732 CORNELII
798 669 986 730 TAOITI

458 836 506 889 AB
525 834 680 889 EXGESSU
697 834 778 886 DIVI
797 833 951 886 AUGUSTI

326 980 1077 1071 ANNALIUM

531 1145 640 1199 LIBER
657 1144 873 1199 UNDEGIMUS.

187 1446 196 1466 .
289 1410 303 1464 1
348 1412 465 1467 l“lnam
483 1410 614 1467 Valerium
634 1411 784 1477 Asiaticum,
804 1411 845 1467 bis
863 1411 1003 1478 consulem,
1025 1412 1104 1467 fnisse

244 1488 441 1573 *pgpquondam
465 1488 608 1543 adulterum
632 1489 688 1559 ejus
711 1488 833 1556 credidit3
851 1490 999 1560 pariterque
1022 1489 1104 1544 hortis

257 1591 280 1622 A.
288 1592 308 1621 n.
316 1568 421 1631 inhians,
436 1585 498 1637 quos
510 1567 552 1621 ille
564 1585 580 1621 a
590 1566 699 1622 Lucullo
711 1571 805 1638 coeptos
814 1566 908 1638 insigni
916 1567 1106 1638 magnificentie

269 1632 307 1731 ΗΞ
316 1643 459 1709 extollebat,
473 1644 589 1697 Suillium
601 1643 748 1698 accusandis
759 1644 875 1715 utrisque
890 1644 1016 1699 immittit.
1053 1642 1105 1698 nd·

311 1720 429 1792 jungitur
441 1720 554 1776 Sosibius
570 1720 711 1776 Britannici
727 1720 855 1787 educator,
874 1720 918 1792 qui
932 1739 979 1792 per
993 1722 1106 1792 speciem

313 1797 494 1852 benevolentiae
505 1802 619 1853 moneret
632 1797 767 1853 Claudium
779 1817 867 1853 cavere
878 1798 930 1853 vim
946 1801 1025 1868 utque
1043 1817 1104 1869 opes

313 1873 468 1944 principibus
488 1875 616 1942 infensus3
634 1875 789 1946 precipuum
810 1882 939 1930 auctorem
959 1875 1106 1930 Asiaticum

313 1951 480 2006 interficiendi
492 1951 606 2018 Caesaris,
619 1971 672 2007 non
689 1953 837 2007 extimuisse
852 1952 999 2008 concionem
1016 1953 1107 2023 populi

313 2027 430 2096 Romani,
437 2027 519 2096 fateri,
528 2029 682 2100 gloriamque
689 2029 808 2084 facinoris
815 2029 883 2084 ultro
892 2032 994 2100 petere;
1007 2029 1106 2084 clerum

314 2125 390 2162 exeo
404 2107 432 2161 in
450 2107 522 2172 urbe,
540 2107 619 2162 didita
634 2127 680 2178 per
697 2108 839 2180 provincias
855 2109 930 2172 fama,
948 2125 1040 2178 parere
1056 2109 1108 2163 iter

315 2184 347 2239 nd
359 2185 521 2239 Germanicos
533 2184 667 2250 exercitus,
682 2185 782 2255 qnando
793 2185 895 2256 genitus
907 2184 1022 2250 Viennae,
1041 2186 1108 2239 mul·

314 2262 399 2331 tisque
423 2269 450 2316 ct
474 2261 564 2316 validis
588 2262 820 2332 propinquitatibus
843 2261 974 2326 subnixus,
1000 2262 1107 2316 turbem

294 2339 423 2409 agentiles
447 2339 562 2393 notiones
585 2342 732 2409 promptum
755 2338 869 2393 heberet.
920 2340 957 2392 At
982 2338 1107 2393 Claudius
1143 2406 1145 2412 k

315 2415 379 2469 nihil
390 2415 458 2470 ultro
469 2419 604 2481 scrutatus,
624 2415 682 2470 citis
699 2433 757 2470 cum
772 2414 902 2480 militibus,
921 2418 1045 2486 tunquam
1063 2435 1108 2487 op·

316 2491 446 2561 primendo
457 2491 530 2557 bello,
545 2492 690 2562 Crispinum
701 2492 813 2562 praetorii
824 2492 974 2563 prefectum
986 2494 1073 2560 misit3
1092 2511 1109 2547 u

317 2586 368 2637 quo
379 2574 495 2639 repertus
508 2572 547 2624 est
560 2569 627 2639 apud
638 2569 722 2634 Baius,
735 2569 874 2640 vinclisque
885 2569 973 2624 inditis
980 2569 1010 2624 in
1018 2571 1110 2625 urbem

292 2645 413 2715 2reptus.
449 2645 540 2715 Neque
561 2645 621 2699 data
639 2649 743 2700 senatus
766 2646 854 2716 copie:
873 2647 942 2700 intre
961 2647 1109 2702 cubiculum

318 2721 426 2786 auditur,
440 2721 578 2775 Messalina
590 2739 682 2789 corum,
694 2727 721 2775 et
734 2722 822 2777 Suillio
836 2723 1027 2793 corruptionem
1045 2725 1109 2779 rnili-

317 2806 381 2863 tum,
395 2815 458 2868 quos
470 2798 576 2867 pecunia
588 2801 614 2851 et
626 2801 716 2868 stupro
727 2798 755 2852 in
770 2799 840 2854 omni
854 2799 952 2870 flagitio
968 2799 1109 2856 obstrictos

319 2873 448 2946 urguebat,
460 2874 519 2928 exin
531 2873 681 2928 adulterium
693 2875 817 2946 Poppaem
830 2893 860 2930 ac
871 2880 1030 2946 postremum
1048 2878 1109 2932 mol-

298 2951 400 3010 eliciam
423 2950 533 3022 corporis
557 2949 709 3021 objectante.
756 2951 799 3007 Ad
821 2952 890 3024 quod
912 2952 981 3009 victo
1006 2955 1109 3010 silentio
