2550 3500
298 377 329 426 90
633 379 753 428 ΤΔΟΙΤΙ

926 443 962 491 [Α.
972 443 999 483 rr.
1008 444 1031 482 e.
1042 443 1092 485 urs.

298 487 417 544 subsidiis
433 488 568 544 instructi:
587 489 647 546 ltine
662 492 779 558 militum,
792 491 851 546 inde
868 491 982 547 locorum
999 495 1096 564 asperi-

299 571 354 620 tas:
373 567 488 621 sednon
507 568 612 634 animus,
635 587 688 623 uon
709 588 773 640 spes,
794 588 828 624 ne
846 569 900 624 tela
919 569 1023 640 quidem
1043 571 1096 626 nisi

278 643 418 714 tagrestia,
441 643 473 698 ad
492 645 604 700 subitum
623 665 699 701 usum
716 650 858 718 properata
895 647 934 701 Ut·
952 665 1046 704 venere
1066 648 1097 702 in

300 739 397 787 manus,
411 738 462 776 non
477 722 545 776 ultre
565 722 710 778 dubitatum
730 742 806 795 quam
827 723 888 778 dum
908 724 1032 779 Romanae
1051 743 1096 780 eo-

300 794 387 852 lrortes
410 798 438 852 in
461 817 561 870 aequum
583 801 754 856 eniterentur:
773 804 878 856 vertunt
896 804 970 871 terga
990 801 1093 866 Cilices,

255 871 288 928 81
301 892 378 945 seque
398 875 501 930 castello
522 876 651 932 claudunt.
687 877 795 932 Interim
818 878 878 933 Piso
897 877 1003 932 classem
1022 877 1095 932 baud

299 951 388 1023 procul
411 952 582 1023 opperientem
607 972 753 1026 appuguare
776 955 873 1009 frustra
897 954 1024 1020 tentavit3
1052 973 1095 1008 re·

299 1047 452 1100 gressusque
470 1034 496 1084 et
513 1048 560 1101 pro
571 1031 658 1096 muris,
671 1031 746 1086 modo
758 1035 838 1086 semet
854 1030 1003 1095 afflictando,
1015 1031 1094 1086 modo

300 1106 413 1177 singulos
425 1109 525 1162 nomine
536 1107 612 1174 ciens,
625 1109 734 1179 premiis
746 1127 846 1173 vocaus,
859 1108 1010 1165 seditionem
1026 1126 1094 1179 coep-

299 1182 386 1250 tabat3
405 1183 517 1256 adeoque
529 1189 707 1250 commoverat,
718 1188 750 1240 ut
765 1185 871 1257 signiter
887 1185 995 1256 legionis
1011 1191 1094 1240 sextae

276 1260 401 1332 2siguum
422 1259 454 1315 ad
474 1280 532 1316 eum
550 1261 719 1318 transtulerit.
754 1262 820 1317 Tum
844 1262 947 1316 Sentius
970 1279 1094 1317 occanere

300 1355 395 1392 cornua
411 1338 544 1410 tubasque,
564 1342 591 1394 et
611 1340 666 1410 peti
684 1335 812 1411 aggerem,
829 1339 894 1411 erigi
909 1337 990 1394 scalas
1004 1339 1092 1409 jussit,

300 1431 330 1469 sc
346 1416 563 1486 promptissimum
577 1434 703 1487 quemque
718 1415 860 1481 succedere,
878 1415 940 1470 alios
956 1417 1093 1472 tormentis

276 1491 393 1559 thastas,
404 1511 471 1558 saxa,
482 1497 508 1548 et
517 1493 585 1548 faces
597 1493 720 1565 ingerere.
756 1493 868 1548 Tandem
875 1494 944 1548 victe
951 1493 1093 1564 pertinacia

299 1570 360 1625 Piso
372 1571 454 1625 oravit
465 1571 505 1624 uti
516 1570 617 1625 traditis
635 1571 711 1625 armis
727 1574 840 1626 maneret
858 1570 886 1625 iu
901 1570 1013 1636 castello,
1029 1569 1092 1625 dum

275 1645 393 1714 4Caesar,
411 1647 453 1702 eui
472 1643 569 1718 Syriam
589 1648 756 1718 permitteret,
781 1647 929 1703 consulitur.
965 1648 1028 1702 Non
1050 1667 1092 1704 re-

299 1727 380 1795 cepte
398 1723 563 1790 conditiones,
578 1742 625 1780 nec
644 1723 713 1780 aliud
728 1743 804 1796 quam
821 1743 898 1781 naues
915 1728 943 1781 et
960 1728 1048 1781 tutum
1061 1725 1090 1781 in

300 1801 390 1857 urbem
402 1802 452 1857 iter
463 1820 611 1857 conoessum
622 1806 671 1857 est.

252 1882 291 1934 82
334 1880 371 1933 At
383 1878 478 1945 Rome,
491 1884 625 1951 postquam
643 1879 786 1936 Germanici
802 1879 922 1936 valetudo
936 1878 1090 1950 percrebuit,

300 1960 448 2028 ermetaquc,
467 1961 497 2011 ut
514 1975 547 2012 ex
563 1957 710 2029 longinquo,
729 1961 804 2012 aucta
820 1958 849 2012 in
865 1956 978 2012 deterius
996 1956 1091 2011 adiere·

277 2033 400 2099 2bantur,
425 2033 503 2099 dolor,
528 2034 573 2089 ira.
616 2035 652 2089 Et
675 2035 841 2106 erumpebant
865 2039 988 2106 questus:
1024 2033 1088 2088 Ideo

299 2111 418 2166 uimimm
429 2112 456 2166 in
468 2115 593 2166 extremas
604 2115 687 2167 terras
699 2113 847 2184 relegatum,
860 2112 917 2167 ideo
928 2111 1017 2167 Pisoni
1034 2129 1090 2183 per·
1134 2159 1135 2168 ,

299 2188 402 2243 missam
414 2188 584 2261 provinciam
602 2188 651 2243 hoc
663 2189 745 2260 egisse
761 2194 874 2245 secretos
890 2190 1017 2260 Auguste
1032 2206 1090 2243 cum

277 2268 420 2323 ³Plaucina
438 2285 573 2323 sermones.
609 2268 680 2322 Vera
696 2285 801 2338 prorsus
819 2268 851 2323 de
872 2268 959 2322 Druso
978 2266 1089 2323 seniores

298 2343 414 2400 locutos:
434 2344 565 2416 displicere
577 2344 744 2416 regnantibus
756 2345 840 2400 civilia
855 2345 965 2399 liliorum
980 2344 1087 2415 ingenia,
1133 2363 1134 2386 l

298 2439 380 2493 neque
392 2422 424 2477 ob
437 2421 505 2477 aliud
520 2422 675 2493 interceptos
693 2440 769 2493 quam
785 2423 846 2493 quia
861 2422 983 2493 populum
997 2422 1088 2476 Ruma-

298 2516 359 2553 uum
372 2518 443 2570 equo
452 2500 510 2570 jure
522 2499 662 2571 complecti,
675 2498 775 2555 reddite
785 2500 911 2565 hbertate‚
928 2499 1087 2571 agitaverint.

275 2576 355 2631 4Hos
368 2576 438 2648 uulgi
450 2594 576 2631 sermones
588 2576 676 2631 audita
686 2594 755 2631 mors
771 2576 834 2632 adeo
851 2576 972 2641 incendit,
984 2580 1014 2631 ut
1030 2581 1089 2631 ante

299 2652 409 2708 edictum
421 2653 623 2725 magistratuum,
634 2654 694 2708 ante
706 2657 809 2708 senatus
821 2654 974 2718 consultum,
987 2658 1088 2723 sumpto

277 2743 291 2789 5
295 2731 397 2803 justitio
415 2729 592 2785 desererentur
611 2730 675 2795 fora,
695 2729 873 2786 clauderentur
893 2730 992 2786 domus.
1026 2730 1088 2785 Pas-

298 2808 346 2863 sim
364 2808 465 2863 silentia
481 2811 508 2862 et
526 2806 644 2877 gemitus,
662 2806 726 2860 nihil
743 2808 913 2878 compositum
932 2808 961 2862 in
977 2810 1086 2861 ostentu-

299 2886 408 2953 tionem3
439 2889 466 2940 et
490 2900 643 2954 quamquam
670 2900 752 2953 neque
780 2884 922 2955 insignibus
946 2884 1086 2954 lugentium
1132 2893 1133 2922 Ξ

274 2963 461 3029 tabstinereut,
481 2960 559 3017 altius
580 2959 670 3015 animis
693 2959 838 3016 merebsutr
873 2961 952 3017 Forte
975 2962 1087 3032 negotia·
