2550 3500
199 462 217 501 Δ
234 462 252 501 D
270 462 313 511 ²9]
389 398 511 447 TACITI
528 400 660 448 ANNAL.
677 400 707 449 V.
726 401 795 447 1-4.
939 399 984 451 179

198 512 313 566 decretos
326 510 398 581 quasi
414 528 459 581 per
476 510 626 567 modestiam
639 511 774 577 imminuit,
793 510 879 582 paucis
897 510 983 565 admo-

197 587 257 643 dum
269 588 386 659 receptis,
400 592 426 643 et
435 586 522 643 addito
531 606 563 643 ne
572 588 682 644 calestia
690 588 780 660 religio
792 588 984 643 deoemeretnr:

196 665 234 719 sic
250 666 334 736 ipsam
351 665 476 720 maluisse.
513 665 584 724 Quin
601 670 628 721 et
646 670 719 736 parte
742 664 855 736 ejusdem
872 665 1008 736 epistolas

131 794 132 799 ,
195 741 324 813 increpuit
335 742 458 797 amicitias
469 741 612 808 muliebres,
625 742 727 797 Etrfinm
745 742 873 797 consulem
885 742 985 812 oblique

195 818 379 890 perstringens.
415 818 444 873 Is
460 818 543 891 gratia
559 820 685 891 Augustae
698 820 826 885 floruerat,
840 823 914 889 aptus
932 819 1007 873 alli-3

131 912 132 919 ¹
195 895 293 951 ciendis
316 895 467 950 feminamm
490 896 586 963 animis,
611 895 685 951 dicax
707 895 781 961 idem,
806 900 833 950 ct
856 894 986 951 tiberium

195 972 294 1027 acerbis
311 972 410 1026 facetiis
427 971 531 1027 irridere
552 972 650 1037 solitus,
670 990 776 1042 quarum
799 971 867 1044 apud
888 990 985 1043 praepo

194 1053 282 1105 tentes
300 1048 328 1103 in
343 1048 448 1120 longum
464 1050 583 1104 memoria
600 1052 648 1103 est.
693 1048 813 1103 Ceterum
829 1068 861 1105 ex
877 1067 907 1104 co
923 1058 1010 1120 prae-3

194 1130 274 1197 rupta
289 1126 390 1197 james
411 1143 505 1197 urgens
526 1125 671 1179 dominatio.
707 1125 777 1179 Nam
796 1126 916 1181 incolumi
932 1128 985 1180 Au-

194 1207 274 1275 gusta
286 1205 341 1257 erat
358 1200 440 1257 adhuc
453 1202 608 1275 perfugium,
624 1202 685 1273 quia
699 1202 800 1257 Tiberio
816 1203 985 1257 inveteratum

194 1298 258 1352 erga
275 1286 383 1333 matrem
401 1278 557 1350 obsequium,
576 1297 659 1349 neque
678 1279 784 1349 Sejanrm
802 1279 910 1335 audebat
928 1299 985 1335 auo·

193 1356 299 1411 toritati
321 1356 433 1427 parentis
458 1357 562 1411 anteire.
598 1356 671 1410 Tunc
693 1356 764 1411 velut
787 1356 866 1411 irenis
889 1357 1007 1417 exolutis

194 1436 376 1504 proruperunt,
401 1433 535 1505 missaque
557 1432 585 1488 in
608 1432 775 1503 Agrippinam
798 1450 828 1488 ac
855 1432 985 1488 Neronem

194 1510 298 1576 littera,
316 1527 378 1579 quas
399 1510 497 1581 pridem
517 1509 606 1565 allatas
626 1514 654 1564 et
674 1509 797 1565 cohibitas
818 1508 850 1564 ab
867 1510 986 1581 Augusta

195 1585 306 1641 credidit
317 1586 424 1658 vulgus:
443 1586 511 1642 haud
523 1587 590 1641 enim
604 1585 714 1641 multum
730 1590 788 1657 post
804 1589 912 1641 mortem
929 1587 984 1657 ejus

194 1663 311 1719 recitatae
327 1667 394 1717 sunt.
430 1663 517 1719 Verba
531 1664 631 1719 inerant
648 1663 754 1736 quaesita
769 1664 920 1735 asperitate:
939 1662 1007 1719 seda

195 1759 250 1796 non
269 1759 344 1806 arma,
365 1759 416 1796 non
435 1759 521 1796 rerum
539 1760 662 1797 novarum
682 1740 814 1808 studium3
832 1760 928 1797 amores
943 1741 985 1813 jn-

196 1836 292 1872 venum
307 1821 334 1872 et
348 1817 538 1889 impudicitiam,
555 1819 643 1890 nepoti
659 1818 808 1892 objectabat.
844 1819 878 1874 In
892 1829 1008 1876 nunnus

196 1912 233 1948 ne
252 1892 279 1947 id
299 1893 400 1964 quidem
420 1895 563 1966 confingere
586 1913 671 1962 ausus,
691 1895 861 1967 arrogantiam
884 1898 935 1951 oris
958 1903 985 1952 et

196 1974 373 2026 contumacem
387 1971 499 2026 animum
514 1971 648 2038 incusavit,
665 1991 757 2045 magno
775 1978 878 2028 senatus
893 1992 985 2044 pavore

196 2066 229 2103 ac
241 2047 358 2114 silenti03
376 2047 456 2104 donec
467 2048 548 2119 pauci,
558 2049 616 2120 quis
628 2050 698 2104 nulla
709 2069 741 2105 en
752 2050 860 2105 honesto
872 2069 937 2121 spes,
948 2053 986 2120 (et

196 2123 300 2197 publica
310 2125 376 2180 mala
387 2125 493 2197 singuiis
509 2125 537 2180 in
552 2127 708 2182 occasionem
722 2127 811 2198 gratia
827 2127 985 2196 trahuntur)

196 2205 229 2256 ut
243 2201 382 2256 referretur
398 2202 565 2273 postulavere,
584 2205 774 2275 promptissimo
793 2204 871 2258 Cotta
888 2204 985 2258 Messa·

195 2279 258 2344 lino,
283 2297 341 2333 cum
364 2279 445 2334 atroci
467 2279 601 2335 sententia.
638 2281 689 2336 Sed
711 2281 767 2336 eliis
791 2281 1007 2352 aprimoribus‚5

195 2355 357 2426 maximeque
377 2374 393 2410 a
409 2357 608 2428 magistratibus,
625 2358 814 2429 trepidabatur:
834 2358 926 2429 quippe
944 2359 986 2414 'ii-

195 2430 291 2496 berius,
305 2432 354 2487 etsi
365 2431 463 2488 infense
474 2433 597 2499 invectus,
611 2439 696 2488 cetera
707 2433 826 2503 ambigna
841 2435 984 2507 reliquerat.

194 2507 259 2563 Fuit
276 2508 304 2564 in
321 2513 411 2564 senatu
427 2509 521 2565 Junius
539 2511 671 2576 Rusticus,
690 2510 867 2581 componendis
884 2518 1012 2583 patrima

194 2585 262 2640 actis
283 2585 396 2641 delectus
415 2604 431 2640 a
451 2586 558 2652 Ooesare,
578 2605 658 2657 eoque
679 2586 855 2643 meditationes
875 2590 930 2660 ejus
948 2591 985 2645 in-

194 2661 335 2733 trospicere
359 2661 479 2718 creditus.
514 2663 543 2718 Is
568 2663 639 2718 fatali
662 2663 771 2734 quodam
793 2669 866 2720 motu
890 2667 1007 2737 (nequer

194 2737 265 2796 enim
289 2743 349 2795 ante
373 2740 500 2812 specimen
522 2742 671 2796 constantiae
694 2740 817 2810 dederat)
839 2761 886 2797 sen
908 2761 986 2812 prava

194 2815 316 2882 sollertia,
337 2815 398 2872 dnm
419 2817 603 2872 imminentium
620 2817 715 2873 oblitus
735 2818 833 2873 incerta
848 2823 930 2888 pavet,
948 2819 986 2872 in-

194 2911 281 2949 serere
293 2912 321 2948 se
334 2893 516 2959 dubitantibus,
527 2913 556 2950 ac
563 2913 665 2950 monere
674 2895 790 2950 consules
798 2912 830 2948 ne
839 2893 985 2948 relationem

195 2969 355 3043 inciperent3
375 2969 564 3043 disserebatque
586 2971 707 3027 brevibus
730 2971 865 3025 momentis
888 2987 986 3024 summa
