2550 3500
305 369 352 417 228
637 364 758 413 Taclrl

927 425 1094 477 mnam.

305 479 352 533 soli
365 476 493 532 Gallorum
516 476 683 532 fraternitatis
694 494 786 531 nomen
797 494 857 531 cum
867 477 961 547 populo
974 478 1096 531 Βυιιιιιιο

303 557 435 626 usurpant.

283 644 298 690 8
339 634 424 688 isdem
436 632 523 688 diebus
538 631 566 687 in
580 650 714 687 numerum
731 631 892 703 patricionrm
905 632 995 687 ascivit
1006 632 1096 689 Cesar

305 710 504 768 vetustissimum
516 726 640 781 quemque
658 727 673 763 e
688 713 786 774 senatu,
804 712 849 763 ant
866 708 958 779 quibos
977 709 1039 765 clari
1049 729 1096 781 pa·

304 790 389 842 rentes
400 787 514 854 fuerant;
533 786 619 857 paucis
625 786 678 857 jam
689 785 792 856 reliquis
803 784 951 840 familiarum
965 804 1029 857 quas
1040 786 1097 843 Bo-

304 864 387 919 mulus
399 866 516 933 majorem
525 869 552 919 et
560 863 591 919 L.
604 863 702 918 Brutus
714 866 830 917 mium
835 865 945 935 pestium
954 863 1097 934 appellave-

304 944 378 1007 rant3
396 940 525 995 exhaustis
537 940 613 995 etiam
625 958 688 1011 quas
700 939 811 995 dictator
822 940 908 995 Cesar
920 939 977 1011 lege
994 939 1096 1006 Cassia

282 1022 331 1073 tet
344 1018 459 1089 princeps
476 1019 607 1088 Augustus
619 1018 676 1090 lege
692 1017 780 1083 Senia,
794 1017 933 1088 sublegere.
968 1016 1096 1088 Laetaque

304 1094 357 1148 haec
368 1094 395 1148 in
408 1112 461 1149 rem
475 1094 600 1165 publicam
615 1094 702 1149 munia
716 1093 797 1148 multo
813 1094 906 1166 gaudio
921 1093 1033 1149 censoris
1044 1095 1095 1149 ini·

282 1170 403 1227 tbantur.
438 1170 559 1225 Famosos
583 1170 682 1242 probris
704 1188 813 1242 quonam
836 1170 912 1225 modo
935 1174 1027 1225 senatu
1046 1170 1096 1227 de-

304 1247 408 1317 pelleret
428 1248 525 1313 anxius,
546 1247 634 1302 mitem
654 1252 681 1303 et
701 1266 789 1303 recens
808 1251 941 1319 repertam,
963 1265 1040 1319 qnam
1057 1266 1094 1304 ex

303 1324 436 1379 severitate
454 1324 544 1396 prisca,
563 1324 687 1380 rationem
704 1324 834 1390 adhibuit3
852 1324 984 1390 monendo,
1002 1342 1094 1381 secum

303 1401 408 1473 quisque
426 1407 497 1457 dese
512 1402 674 1467 consultaret,
687 1405 835 1475 peteretque
846 1401 889 1473 jus
905 1400 1014 1456 exuendi
1025 1402 1094 1457 ordi

281 1478 350 1533 onis.
385 1478 495 1534 Facilem
507 1479 562 1550 ejus
574 1478 611 1535 rai
618 1479 733 1534 veniam:
751 1482 778 1533 et
789 1481 873 1532 motos
884 1481 976 1532 senatu
987 1495 1096 1535 excusa·

302 1559 393 1626 tosque
410 1556 485 1611 simul
501 1556 697 1627 propositurum,
716 1559 748 1610 nt
764 1555 888 1627 judicium
906 1572 1041 1610 censorum
1060 1574 1095 1611 ac

302 1631 383 1702 pudor
406 1635 496 1703 sponte
519 1631 662 1687 cedentium
686 1632 807 1704 permixti
830 1630 992 1703 ignominiam
1007 1632 1095 1709 molli-

281 1712 367 1766 trent.
403 1708 443 1764 Ob
457 1727 487 1764 ea
497 1708 638 1781 Vipstanus
650 1709 739 1766 consul
749 1707 849 1765 rettulit
860 1710 968 1764 Patrem
984 1708 1095 1765 &adas

302 1785 474 1856 appellandum
485 1805 540 1842 esse
548 1786 698 1842 Claudiurn:
717 1786 809 1858 quippe
819 1786 990 1858 promiscuum
998 1787 1095 1842 Patria

303 1863 618 1934 Patriaecognomentum;
635 1864 797 1919 novainrem
806 1862 931 1934 publicam
939 1863 1094 1919 meritanon

281 1934 403 1994 susitatis
414 1939 541 1995 vocabulis
552 1940 705 1996 honoranda
741 1939 792 1996 Sed
802 1941 857 2012 ipse
868 1940 982 1995 cohibuit
998 1957 1094 1996 corneu-

301 2013 358 2080 lem‚
383 2019 413 2071 ut
436 2016 539 2071 nimium
564 2021 742 2073 assentantem.
779 2017 949 2088 Condiditque
968 2017 1093 2088 luseum,

302 2109 352 2162 quo
364 2110 439 2148 censa
450 2099 510 2148 sunt
521 2093 613 2149 civium
625 2094 809 2166 quinquaginta
823 2112 912 2149 novem
930 2098 1039 2150 centena
1048 2113 1094 2150 oo·

300 2169 400 2240 toginta
412 2175 531 2242 quattuor
539 2171 617 2226 millia
628 2172 790 2243 septuaginta
801 2170 859 2226 duo.
895 2171 975 2242 Isque
983 2171 1021 2226 illi
1032 2173 1093 2228 linis

300 2245 407 2302 inscitia
424 2266 485 2320 erga
499 2247 599 2302 domum
619 2267 691 2303 suam
708 2248 773 2302 luit:
791 2248 860 2303 baud
875 2248 957 2303 multo
972 2252 1032 2319 post
1045 2250 1092 2303 fla-

300 2323 364 2392 gitia
374 2325 460 2380 uxoris
471 2343 576 2380 noscere
587 2343 617 2380 ac
627 2325 718 2396 punire
730 2323 841 2392 adactus,
853 2329 885 2380 ut
901 2324 993 2381 deinde
1006 2326 1094 2382 ardes·

300 2403 369 2454 ceret
380 2400 408 2455 in
418 2403 520 2472 nuptias
532 2402 650 2458 incestas.

245 2474 293 2529 -26
334 2475 392 2530 Jam
412 2477 550 2533 Messalina
570 2479 692 2534 facilitate
712 2477 892 2534 adulteriorum
912 2478 940 2533 in
957 2479 1092 2536 fastidiam

300 2568 379 2618 versa,
393 2553 425 2608 ad
440 2554 580 2627 incognitas
594 2554 711 2610 libidines
726 2555 867 2626 proluebat
875 2578 883 2621 3
901 2574 959 2610 cum
974 2556 1093 2629 abrumpi

300 2627 523 2686 dissimulationem
544 2632 620 2685 etiam
642 2631 727 2700 Silius,
748 2632 802 2687 sive
819 2633 889 2688 fatali
910 2634 1036 2700 vecordia,
1057 2653 1092 2690 an

299 2703 482 2760 imminentium
495 2707 664 2778 periculorum
671 2707 810 2763 remedium
818 2709 874 2780 ipsa
884 2709 998 2780 pericula
1008 2715 1090 2776 ratus,

278 2781 414 2853 turgebat.
450 2781 553 2854 Quippe
575 2801 627 2838 non
649 2801 680 2838 eo
703 2790 806 2840 rentum
825 2792 855 2840 ut
873 2791 1003 2842 senectam
1023 2789 1092 2859 priu-

299 2857 361 2929 cipis
373 2859 556 2930 opperirentur.
591 2859 741 2915 insontibus
751 2861 854 2918 innoxia
864 2864 974 2930 consilia
985 2865 1090 2936 flagitiis

278 2935 438 2994 amanitestis
461 2935 600 2992 subsidium
624 2935 657 2992 ab
679 2936 784 2994 sadada
805 2940 950 3012 petendum.
989 2942 1091 2998 adame

1146 1605 1148 1692 l
