2550 3500
279 337 311 388 72
614 328 736 380 TACITI

913 397 948 446 [Α.
958 397 984 436 u.
990 397 1013 436 c.
1022 395 1071 438 tto.

278 449 340 504 lium
356 447 475 502 adversus
492 446 634 504 Cherusoos
652 449 762 502 orantes.
798 446 867 501 Nam
884 445 998 501 discessu
1015 447 1072 500 Ro

279 544 417 589 manorum,
431 543 459 579 ao
471 525 544 579 vanui
556 527 661 579 externo
672 528 751 589 metu,
764 523 848 595 gentis
860 523 1031 588 assuetudine,
1042 527 1072 578 et

258 608 335 660 atum
356 601 514 658 aemulatione
534 601 628 673 glorias,
652 620 722 656 arma
744 601 773 656 in
796 620 824 656 se
846 606 984 656 verterant.
1020 600 1072 654 Vis

280 680 418 744 nationum,
440 678 521 733 virtus
542 677 635 734 ducum
655 679 683 733 in
703 697 791 750 aquo:
817 678 864 733 sed
881 677 1072 732 Maroboduum

280 757 348 828 regis
373 773 464 812 nomen
482 755 591 810 invisum
612 755 680 826 apud
698 756 839 827 populares,
859 755 1003 810 Arminium
1022 773 1073 824 pro

235 827 398 891 45libertate
417 832 552 888 bellantem
571 833 644 888 favor
663 833 781 888 habebat.
816 833 902 904 Igitur
922 851 974 887 non
993 831 1073 886 modo

282 910 405 966 Cherusci
416 909 527 981 sociique
537 927 632 975 eorum,
642 915 717 966 retus
729 910 838 965 Arminii
849 910 928 975 miles,
938 927 1072 977 sumpsero

281 987 390 1053 bellum;
409 985 484 1042 sede
501 1005 580 1058 regno
597 987 675 1044 etiam
692 987 846 1042 Marobodui
864 989 952 1042 Saeva
970 991 1071 1057 gentes,

260 1065 419 1120 tsemnones
439 1081 468 1118 ao
488 1063 658 1135 Langobardi,
680 1063 795 1120 deseoere
813 1064 846 1118 ad
863 1083 929 1120 eum.
966 1062 1072 1123 Quibus

282 1141 374 1198 additis
394 1139 564 1212 praepollebat,
581 1140 609 1198 ni
626 1141 804 1212 Inguiomerus
822 1160 881 1196 oum
898 1159 974 1195 manu
994 1140 1073 1194 elien-

283 1219 346 1274 tium
358 1217 391 1274 ad
399 1216 586 1275 Maroboduum
597 1217 760 1289 perfugisset,
770 1237 822 1272 non
838 1218 911 1272 aliam
924 1216 957 1272 ob
968 1235 1072 1272 oausam
1137 1224 1139 1249 l

282 1314 357 1366 quam
372 1295 431 1366 quia
444 1294 530 1352 fratris
548 1293 599 1350 filio
609 1294 699 1366 juveni
709 1299 817 1366 patruus
831 1313 909 1350 senex
925 1313 1013 1365 parere
1025 1293 1071 1348 de-

261 1370 440 1444 tdiguabatur.
476 1370 631 1442 Diriguntur
647 1371 722 1436 abies,
734 1371 791 1442 pari
804 1371 932 1442 utrimque
948 1389 1001 1442 spe,
1014 1389 1071 1436 neo,

283 1455 313 1504 ut
331 1448 390 1504 olim
407 1448 474 1520 apud
494 1448 639 1514 Germanos,
659 1448 731 1520 vagis
754 1448 897 1504 incursibus
917 1452 962 1502 aut
983 1448 1073 1520 disjeo·

283 1531 324 1582 tas
342 1545 388 1597 per
405 1529 535 1582 catervas:
555 1527 649 1596 qnippe
665 1525 742 1596 longa
761 1524 892 1580 adversum
911 1544 958 1580 nos
980 1525 1073 1580 militis

282 1604 444 1662 insueverant
463 1603 536 1674 sequi
553 1603 633 1674 signa,
653 1603 772 1658 subsidiis
790 1603 891 1668 firmari,
909 1602 977 1658 diota
992 1603 1072 1674 impe-

261 1689 395 1742 tratorum
413 1679 533 1751 accipere.
568 1681 608 1734 Ae
623 1683 686 1735 tune
697 1680 828 1734 Arminius
840 1698 905 1751 equo
921 1680 1072 1736 collustrans

282 1764 382 1825 anneta,
399 1762 430 1815 ut
447 1777 561 1829 quosque
578 1758 700 1815 advectus
717 1764 780 1825 erat,
792 1760 956 1831 reciperatas
971 1760 1073 1814 liberta-

283 1842 343 1903 tem,
357 1835 496 1891 trucidatas
513 1835 633 1907 legiones,
646 1836 726 1907 spolia
741 1836 824 1892 adhue
837 1841 864 1891 et
881 1837 934 1891 tela
948 1837 1073 1893 muana

285 1914 390 1985 derepta
400 1913 428 1967 in
438 1912 554 1971 manibus
567 1913 704 1969 multorum
716 1914 878 1981 ostentabat;
896 1917 985 1969 oontm
996 1914 1073 1985 fuga·

285 2009 340 2047 oem
352 1988 539 2047 Maroboduum
550 1989 687 2061 appellans,
699 1990 844 2061 proeliorum
855 1995 993 2062 expertem,
1003 1991 1074 2046 Her·
1137 2023 1138 2066 g

285 2068 364 2140 oyniae
375 2066 479 2125 latebris
494 2066 633 2135 defensum,
646 2086 676 2123 ae
686 2086 746 2123 mox
757 2086 803 2139 per
814 2067 880 2122 dona
891 2072 919 2123 et
933 2068 1073 2139 legationes

286 2145 406 2217 petivisse
423 2143 513 2209 foedus,
526 2143 681 2215 proditorem
695 2145 791 2216 patriae,
804 2144 939 2200 satellitem
956 2145 1072 2212 Gaesaris,

287 2222 356 2277 haud
369 2222 453 2279 minus
467 2221 572 2279 niensis
589 2222 679 2278 animis
691 2221 877 2277 exturbandum
889 2240 965 2293 quam
976 2222 1074 2277 Varum

264 2300 443 2360 mentilium
454 2298 635 2358 interfecerint.
671 2299 850 2355 Meminissent
865 2298 940 2353 modo
951 2302 992 2353 tot
1009 2318 1075 2370 proe-

286 2376 395 2443 liorum;
414 2394 521 2447 quorum
536 2380 637 2441 eventu,
650 2379 677 2431 et
692 2376 725 2431 ad
742 2380 899 2447 postremum
915 2376 1004 2446 ejectis
1021 2376 1075 2430 Ro-

287 2454 451 2519 misissetis
469 2452 604 2525 probatum
621 2472 699 2525 penes
710 2457 784 2509 utros
798 2471 898 2509 summa
912 2452 972 2508 belli
987 2453 1074 2509 fuerit.

242 2526 379 2603 46Neque
396 2530 570 2585 Maroboduus
587 2531 712 2601 jaotantia
731 2531 772 2585 sui
792 2534 837 2585 aut
855 2530 954 2601 probris
971 2530 998 2584 in
1016 2530 1075 2585 bos-

237 2662 239 2669 ,
286 2614 339 2663 tem
351 2607 501 2673 abstinebat,
511 2607 557 2665 sed
567 2608 759 2679 Inguiomerum
769 2610 867 2672 tenens,
877 2607 921 2661 illo
932 2607 959 2661 in
971 2625 1075 2678 eorpore

287 2686 364 2741 deous
383 2703 457 2740 omne
481 2684 674 2750 Clerusoomm
698 2684 765 2739 illius
788 2684 899 2739 consiliis
923 2690 997 2755 gesta
1018 2702 1075 2755 quae

287 2781 405 2835 prospere
418 2760 561 2827 ceciderint,
574 2760 732 2817 testabatur:
751 2761 883 2815 veoordem
894 2761 1037 2815 Arminium
1048 2767 1075 2816 et

287 2858 372 2895 renim
387 2839 500 2894 nesoium
515 2838 621 2893 alienam
629 2837 735 2909 gloriam
746 2836 774 2891 in
789 2856 817 2892 se
830 2838 939 2903 trabere,
957 2839 1075 2909 quonism
1137 2883 1138 2898 ,

286 2920 340 2973 tres
351 2934 444 2973 vacuas
461 2915 574 2987 legiones
588 2918 615 2969 et
627 2912 717 2969 dneem
734 2912 830 2969 fraudis
842 2915 959 2985 ignarum
970 2915 1075 2985 perfidia
