2550 3500
183 470 205 506 Δ,
215 467 240 506 Β,
251 467 293 514 lc]
395 404 593 454 ANNALIUM
611 405 632 454 1.
646 405 751 456 ill—8⁰.
941 404 975 456 4⁷

180 517 260 572 edixit
272 515 388 572 Tiberius
400 517 510 573 militare
519 517 635 573 ararium
647 534 679 572 eo
690 514 803 572 subsidio
813 515 879 583 niti;
897 514 974 571 simul

179 594 302 666 imparem
313 594 384 650 oneri
396 613 451 650 rem
462 594 597 666 publicam,
608 593 660 650 nisi
669 593 789 649 vicesimo
800 594 896 650 militie
908 611 974 648 amre

179 673 296 728 veterani
317 671 515 727 dimitterentur.
551 672 596 728 Ita
612 672 734 744 proxime
755 671 885 727 seditionis
908 670 996 726 malea

179 749 305 814 consulta,
325 748 418 820 quibus
440 748 549 805 sedecim
569 749 753 822 stipendiorum
775 750 849 805 finem
874 767 975 821 expres·

178 830 275 892 serunt,
288 825 383 882 abolita
393 827 422 881 in
432 831 570 898 postem.

214 907 312 961 Actum
324 904 414 960 deinde
426 905 453 960 in
465 909 554 962 senatu
568 905 599 961 ab
611 905 735 960 Arruntio
753 908 780 960 et
795 905 880 971 Ateio,
897 923 931 961 an
942 904 975 960 ob
983 906 1020 964 79

177 982 347 1038 moderandas
367 982 465 1038 Tiberis
486 981 669 1038 exundationes
689 986 850 1038 verterentur
871 982 977 1037 flumina

177 1065 206 1117 et
218 1061 290 1116 lacus
302 1079 348 1132 per
360 1079 423 1131 quos
435 1060 565 1132 augescit;
583 1060 727 1132 auditaeque
737 1060 931 1130 municipiorum
948 1064 976 1114 et

177 1138 337 1194 coloniarum
355 1137 502 1208 legationes,
520 1137 652 1192 orantibus
669 1137 822 1194 Florentinis
839 1156 872 1193 ne
890 1137 976 1193 Clanis

177 1213 258 1270 solito
275 1213 347 1269 alveo
367 1213 485 1270 demotus
505 1214 534 1270 in
554 1233 653 1270 curnem
670 1216 769 1270 Arnum
786 1215 975 1280 transferretur,

177 1291 259 1364 idque
272 1291 336 1364 ipsis
347 1291 484 1362 perniciem
502 1292 610 1347 afferret.
648 1292 822 1365 congruentia
836 1292 877 1347 his
892 1292 998 1346 Inter-²

178 1373 296 1424 amnates
315 1367 473 1425 disseruere:
491 1387 594 1441 pessum
612 1369 695 1425 ituros
712 1369 905 1425 fecundissimos
922 1369 977 1424 Ita-

178 1446 221 1502 liae
241 1464 354 1517 campos,
368 1446 392 1501 si
403 1446 483 1502 amnis
500 1447 557 1502 Nar
573 1446 610 1518 (id
622 1447 690 1502 euim
702 1446 858 1518 parabatur)
870 1447 898 1502 in
909 1447 977 1502 rivos

179 1523 303 1579 diductus
320 1524 574 1596 superstagnsvisset.
610 1525 668 1581 Nec
679 1524 784 1580 Reatini
800 1524 916 1592 silebant,
926 1525 999 1580 Vct

178 1601 263 1656 linum
274 1601 365 1668 buum,
379 1619 430 1673 qna
440 1602 468 1656 in
479 1602 576 1658 Narem
588 1602 735 1668 effunditur,
748 1602 847 1658 obstrui
861 1621 978 1658 recusan-
1074 1624 1083 1649 ι

179 1681 230 1746 tes,
256 1678 350 1751 quippe
374 1678 402 1733 in
425 1677 565 1751 adjacentia
587 1683 738 1752 erupturum
745 1701 753 1746 ;
783 1679 879 1752 optime
901 1679 978 1734 rebus

180 1754 330 1812 mortalium
348 1756 505 1812 consuluisse
527 1760 653 1823 naturam,
672 1776 728 1830 quaa
746 1776 793 1813 sun
809 1776 855 1813 ora
869 1758 979 1813 dumini-

179 1833 239 1900 bus,
262 1852 323 1889 suos
344 1852 442 1900 cursus,
464 1838 544 1905 utque
567 1835 699 1907 originem,
719 1836 757 1891 ita
776 1836 839 1890 lines
863 1834 979 1901 dederit;
1064 1864 1070 1874 .

180 1910 334 1983 spectandas
346 1911 424 1967 etiarn
435 1912 569 1983 religiones
582 1914 716 1979 sociorum,
729 1913 774 1984 qui
785 1932 856 1969 sacra
867 1917 894 1969 et
908 1912 979 1968 lucos

181 2000 210 2045 et
222 2007 280 2044 arus
297 1988 387 2060 patriis
404 1988 520 2045 amnibus
537 1989 683 2045 dicaverint.
720 1991 792 2050 Quin
806 1991 890 2061 ipsum
906 1990 1002 2045 'libe4

181 2067 234 2123 rim
245 2065 312 2122 nolle
324 2084 437 2137 prorsus,
451 2066 541 2123 accolis
557 2066 642 2122 fluviis
654 2066 778 2133 orbatum,
791 2068 888 2123 minore
899 2067 980 2139 gloria

180 2146 272 2201 flucre.
309 2144 361 2200 Seu
377 2162 466 2215 preces
484 2144 639 2200 coloniarum
657 2163 704 2200 seu
723 2144 856 2200 difficultas
874 2159 1002 2217 operum5

181 2222 238 2278 sive
251 2222 400 2292 superstitio
415 2221 504 2287 valuit,
517 2225 547 2277 ut
562 2222 591 2277 in
606 2222 759 2277 sententiam
776 2223 877 2278 Pisonis
892 2240 980 2279 conce·

181 2299 297 2365 deretur,
311 2298 355 2370 qui
366 2298 404 2354 nil
414 2298 564 2354 mutandum
576 2303 718 2355 censuerat.

218 2376 381 2448 Prorogatur
393 2377 504 2448 Poppae
518 2376 611 2432 Sabino
627 2377 758 2449 provincia
773 2378 874 2445 Mesia,
887 2378 980 2435 additis
987 2389 1025 2443 80

181 2453 284 2511 Achaia
295 2471 325 2508 sc
336 2453 494 2510 Macedonia.
531 2454 564 2510 Id
580 2473 682 2527 quoque
697 2475 797 2513 morum
812 2457 905 2513 Tiberii
921 2458 1003 2525 inita

182 2532 335 2589 continuare
346 2531 458 2603 imperia,
472 2550 502 2587 ae
513 2532 646 2605 plerosque
658 2534 692 2589 nd
702 2535 778 2591 finem
788 2536 849 2591 vitu
860 2536 888 2591 in
900 2536 982 2592 isdem

182 2609 340 2667 exercitibus
362 2613 408 2665 aut
421 2609 642 2683 jurisdictionibus
659 2612 760 2669 habere.
796 2614 886 2671 Caussa
905 2615 982 2671 vano

183 2687 339 2743 traduntur:
367 2687 410 2743 alii
432 2688 508 2744 taedio
531 2707 604 2745 noum
627 2708 696 2745 cursa
719 2691 798 2747 semel
820 2692 913 2763 placita
934 2711 982 2765 pro

184 2766 289 2821 aeternis
307 2764 464 2831 servavisse3
482 2766 585 2837 quidam
602 2767 705 2833 invidis,
717 2788 750 2825 ne
767 2770 853 2841 plures
871 2770 983 2826 frueren-

185 2846 238 2898 tur.
275 2843 342 2899 Sunt
360 2842 405 2914 qui
420 2843 573 2911 existiment,
591 2849 622 2901 nt
639 2845 757 2902 miliduni
773 2848 828 2919 ejus
843 2846 1005 2919 ingeniuma

186 2926 225 2981 ita
236 2926 341 2981 anxium
360 2924 492 2997 judicium.
529 2928 621 3001 Neque
633 2930 701 2985 enim
717 2930 856 2985 eminentes
875 2930 983 2985 virtutes

188 3002 342 3071 sectabatur,
355 3010 382 3060 et
399 3023 501 3061 rursum
518 3006 581 3063 vitia
598 3007 701 3063 oderat:
720 3026 753 3062 ex
768 3008 871 3082 optimis
886 3007 984 3079 pericu·
