2550 3500
301 361 350 408 844
635 357 757 407 raom
834 350 837 361 '

932 422 966 471 [s.
977 424 1004 465 u.
1014 425 1038 465 c.
1049 426 1095 467 ars

301 470 487 542 antiquitatem,
500 469 617 541 quotiens
629 470 733 525 fortuna
744 473 833 527 contra
844 469 923 537 daret,
939 474 1018 529 saluti
1032 494 1096 531 con·

277 549 417 605 ssuluisse.
461 548 521 607 Qua
543 546 718 618 desperatione
741 548 868 603 exercitus
891 550 944 603 dux
967 551 1095 608 subactus

301 627 394 697 primas
408 630 494 681 tamn
508 624 607 679 litteras
625 624 659 679 ad
673 624 819 697 Vologesen
832 644 884 681 non
901 628 1028 699 supplices
1046 630 1095 685 sed

299 705 328 759 iu
349 703 452 758 modum
476 703 605 773 querentis
629 703 779 774 composuit,
803 703 871 774 quod
894 722 940 775 pro
960 707 1093 763 Armeniis

299 799 399 851 semper
412 781 535 835 Romanae
552 779 663 847 ditiorus,
680 785 725 835 aut
743 779 865 851 subjectis
883 780 937 853 regi
953 800 1029 853 quem
1044 784 1093 839 im-

298 863 400 929 perator
423 856 566 929 delegisset,
589 856 692 911 hostilia
714 856 824 912 faceret:
848 875 935 927 paoem
959 877 991 914 ex
1014 879 1092 931 aequo

275 936 405 1001 tutilem3
423 953 455 989 ne
478 934 614 1005 presentia
635 938 738 989 tantum
761 938 896 1005 spectaret.
932 936 1021 1007 Ipsum
1046 938 1090 993 ad-

298 1033 386 1069 versus
404 1012 466 1067 duas
483 1012 596 1083 legiones
611 1011 674 1065 totis
690 1010 763 1081 regni
779 1010 875 1067 viribus
892 1011 1041 1070 advenisse:
1061 1019 1090 1071 at

297 1091 420 1146 Romanis
437 1089 524 1145 orbem
541 1094 667 1144 terrarum
685 1088 818 1159 reliquum,
837 1107 888 1160 quo
905 1089 1000 1146 bellum
1014 1092 1089 1163 juva·

252 1164 289 1218 14
297 1172 362 1223 rent.
398 1167 440 1222 Ad
451 1186 482 1223 ea
494 1166 632 1235 Vologeses
644 1166 706 1220 nihil
718 1184 764 1235 pro
773 1184 856 1231 causa,
865 1166 910 1221 sed
919 1169 1087 1239 opperiendos

296 1245 346 1301 sibi
368 1245 461 1301 iratres
484 1245 609 1300 Pacorum
632 1262 663 1299 ac
685 1242 816 1299 Tiridaten
839 1245 983 1315 rescripsit;
1013 1247 1086 1302 illum

295 1322 381 1377 locum
390 1327 542 1394 tempusque
553 1321 659 1377 consilio
671 1320 826 1375 destinatum
838 1321 900 1392 quid
917 1322 949 1377 de
963 1325 1087 1380 Armenia

295 1404 443 1467 cernereut3
462 1399 583 1471 adjecisse
600 1398 662 1453 deos
680 1397 784 1469 dignum
802 1398 988 1465 Arsacidarum,
1008 1401 1086 1457 simul

270 1481 323 1533 2et
341 1478 373 1534 dc
392 1476 535 1549 legionibus
554 1476 677 1532 Murcum
701 1479 851 1531 statuerent.
887 1477 963 1532 Missi
986 1482 1046 1548 post
1069 1498 1085 1534 a

294 1556 368 1611 Paeto
379 1555 462 1611 nuntii
473 1560 501 1610 et
517 1554 585 1626 regis
602 1553 756 1623 colloquium
771 1553 888 1623 petitum,
907 1554 951 1625 qui
967 1555 1084 1611 Vasacen

270 1634 443 1703 tprsefeotum
453 1632 582 1703 equitatus
600 1631 639 1685 irc
648 1630 733 1701 jussit.
770 1632 836 1685 uum
849 1630 936 1685 Paetus
951 1631 1081 1699 Lucullos,

293 1710 436 1782 Pompeios,
461 1714 488 1766 et
511 1710 534 1765 si
557 1726 608 1781 qua
630 1707 743 1764 Caesares
764 1706 907 1766 obtinenda
930 1708 1082 1766 douandaeve

293 1788 420 1842 Armenia
434 1790 546 1858 egerant,
572 1787 684 1842 Vasaces
705 1785 841 1856 imaginem
861 1785 986 1842 retinendi
1008 1787 1081 1859 largi·

268 1866 383 1924 smdive
402 1884 480 1937 penes
503 1883 558 1929 uos,
578 1863 630 1918 rim
654 1881 732 1934 penes
753 1861 862 1918 Parthos
881 1867 1010 1918 memoret.
1046 1865 1081 1920 ut

292 1944 401 1999 multum
415 1943 444 1998 iu
456 1942 538 1997 vicem
553 1940 702 2011 disceptato,
720 1938 878 1996 Monobazus
895 1939 1041 1997 Adiabenus
1055 1943 1082 1998 iu

292 2024 360 2079 diem
382 2027 513 2095 posterum
536 2021 611 2076 testis
631 2021 663 2074 iis
687 2038 743 2091 qua
763 2019 919 2091 pepigissent
938 2019 1079 2077 adhibetur.

267 2104 442 2174 tPlacuitquc
453 2100 554 2157 liberari
568 2098 666 2155 obsidio
676 2099 796 2171 legiones,
810 2103 836 2154 et
848 2098 969 2154 decedere
981 2117 1081 2156 omnem

290 2181 397 2236 militem
413 2179 506 2236 finibus
519 2177 704 2242 Auueniorum,
717 2176 869 2247 castellaque
884 2180 911 2230 et
926 2182 1080 2234 commeatus

291 2259 394 2314 Parthis
409 2257 493 2323 tradi;
511 2256 603 2328 quibus
619 2253 770 2326 perpetratis
788 2253 861 2324 copia
871 2253 993 2325 Vologesi
1008 2255 1080 2310 fieret

245 2336 280 2392 15
292 2336 409 2393 mittendi
420 2335 453 2392 ad
464 2335 593 2391 Neronem
604 2332 710 2404 legatos.
745 2330 853 2386 Interim
862 2330 959 2386 flumini
967 2332 1080 2388 Arsacia

292 2414 325 2480 (is
334 2419 418 2469 castra
429 2412 594 2484 praefluebat)
607 2413 711 2482 pontem
722 2407 849 2480 imposuit,
863 2409 945 2479 specie
958 2408 1007 2464 sibi
1017 2409 1080 2466 illud

290 2491 340 2546 iter
351 2491 522 2561 expedientis:
547 2489 593 2544 sed
609 2487 699 2543 Parthi
717 2485 789 2557 quasi
806 2484 985 2542 documentum
1001 2487 1079 2542 victo

264 2579 280 2626 2
290 2568 335 2622 ria
344 2568 481 2637 jusserant.
517 2565 635 2635 Namque
647 2565 678 2620 iis
690 2564 749 2619 usui
760 2562 828 2628 iuit;
848 2563 929 2621 nostri
941 2581 987 2633 per
998 2563 1079 2620 diver·

290 2663 347 2699 sum
365 2644 424 2698 iere.
459 2640 567 2698 Addidit
580 2659 667 2696 rumor
684 2640 731 2696 sub
749 2640 841 2712 jugum
858 2641 948 2696 missas
966 2640 1077 2712 legiones

288 2726 316 2776 et
333 2721 382 2775 alia
397 2738 430 2774 ex
447 2718 523 2773 rebus
539 2717 665 2782 infaustis,
683 2735 790 2788 quorum
804 2718 965 2774 simulacrum
982 2718 1015 2774 ab
1028 2720 1075 2774 Ar·

261 2811 277 2858 a
287 2798 377 2852 meniis
388 2799 537 2866 usurpatum
549 2799 597 2849 est.
634 2795 752 2864 Namque
764 2798 791 2850 et
802 2796 958 2852 munimenta
968 2794 1076 2866 ingressi

287 2879 355 2939 aunt,
368 2878 503 2944 autequam
515 2890 606 2942 agmen
618 2871 762 2926 &manum
780 2871 919 2937 excederet,
931 2876 959 2928 et
971 2872 1075 2928 cneum·

285 2954 382 3008 stetere
392 2950 454 3017 rias,
471 2948 573 3021 captiva
589 2949 651 3004 olim
664 2947 789 3020 mancipia
802 2952 847 3006 aut
859 2949 975 3021 jumenta
985 2967 1076 3022 agnos·
