2550 3500
181 496 199 535 A
216 494 234 533 D
250 494 295 544 Ἠ]
381 430 576 479 ANNALIUM
594 430 646 479 111.
664 433 766 481 37-42.
921 434 966 481 115

212 544 312 599 Eodem
333 560 397 597 anno
420 542 557 597 Gallianum
577 542 693 597 civitates
713 542 746 598 ob
767 542 966 615 magnitudinem
973 553 1012 607 40

178 624 234 678 aeris
253 622 329 677 alieni
348 621 508 677 rebellionem
530 626 678 691 coeptavere,
700 623 773 693 cujus
792 622 967 678 exstimulatur

178 701 316 755 acerrimus
333 699 401 753 inter
419 698 541 753 Treveros
560 699 645 754 Julius
663 698 762 763 Florus,
783 700 850 769 apud
868 700 967 755 AEduos

177 778 262 833 Julius
283 776 406 831 Sacrovir.
442 776 570 831 Nobilitas
583 776 704 832 ambobus
720 780 747 831 et
763 778 886 848 majorum
901 777 990 836 bonan

177 856 260 921 facta3
281 872 360 924 eoque
372 854 488 907 Romana
503 853 593 909 civitas
605 852 666 909 olim
681 854 748 919 data,
762 872 820 908 oum
831 854 858 909 id
873 873 965 921 rarum,

177 950 223 987 nec
241 931 293 985 nisi
311 930 403 985 virtuti
423 930 533 1001 pretium
553 935 629 986 esset.
665 932 688 987 Ii
707 932 811 986 secretis
829 931 989 1002 colloquiiss

176 1008 335 1063 ferocissimo
353 1025 453 1079 quoque
465 1012 602 1079 assumpto,
617 1012 662 1063 aut
674 1009 765 1079 quibus
777 1008 810 1063 ob
827 1013 968 1080 egestatem

178 1105 206 1141 ac
228 1091 327 1140 metum
351 1102 384 1139 ex
406 1084 509 1155 flagitiis
530 1086 640 1140 maxima
659 1086 780 1156 peccandi
798 1086 967 1152 necessitudo,

177 1164 342 1233 componunt,
357 1160 448 1216 Florus
468 1162 569 1234 Belgas,
589 1163 705 1217 Sacrovir
724 1164 854 1235 propiores
874 1163 967 1228 Gallos,

177 1240 286 1295 concire.
324 1238 409 1309 Igitur
420 1257 465 1309 per
477 1240 643 1295 conciliabula
653 1244 680 1295 et
692 1245 772 1296 coetus
785 1240 906 1295 seditiosa
919 1239 990 1295 dis-4

178 1316 299 1373 serebant
311 1314 343 1369 de
354 1316 543 1371 continuatione
554 1317 717 1382 tributorum,
731 1318 856 1389 gravitate
865 1318 967 1383 fenoris,

177 1395 278 1449 sautia
290 1411 320 1447 ac
332 1392 449 1463 superbia
462 1393 659 1463 praesidentium.
695 1394 731 1449 ut
745 1394 888 1449 discordare
904 1395 969 1449 mili-

177 1474 231 1527 tem
256 1468 345 1525 audito
367 1470 510 1525 Germanici
533 1472 619 1525 exitio.
655 1472 795 1543 Egregium
812 1470 990 1526 resumendae5

176 1547 293 1604 libertati
310 1550 418 1617 tempus,
439 1547 461 1601 si
479 1547 529 1618 ipsi
547 1549 674 1613 florentes,
694 1567 770 1619 quam
789 1548 863 1618 inops
883 1548 967 1613 ltalia,

178 1644 255 1697 quam
267 1624 375 1679 imbellis
384 1623 480 1679 urbana
489 1624 581 1695 plebes,
592 1625 772 1680 nihilvalidum
781 1625 808 1679 in
817 1624 968 1679 exercitibus

176 1704 229 1759 nisi
241 1701 311 1774 quod
322 1706 462 1769 externum,
476 1702 626 1776 cogitarent.
662 1703 742 1759 Haud
753 1704 832 1758 ferme
843 1702 895 1758 ulla
909 1701 1012 1759 civi-ll

177 1786 219 1836 tas
244 1781 343 1836 intacta
365 1780 503 1834 seminibus
526 1781 581 1852 ejus
604 1785 690 1836 motus
713 1782 778 1836 fuit:
797 1781 842 1836 sed
864 1800 969 1851 erupere

177 1859 254 1930 primi
265 1857 396 1912 Andecavi
407 1875 436 1912 ao
448 1857 550 1912 Turoni.
587 1859 704 1918 Quorum
713 1859 862 1914 Andecavos
873 1859 991 1914 Aciliusa

177 1935 273 1991 Aviola
283 1935 394 2006 legatus,
406 1935 489 1990 excita
500 1935 604 1991 cohorte
616 1955 673 2007 quae
688 1936 811 2008 Lugduni
825 1936 969 2006 praesidium

178 2012 302 2083 agitabat,
318 2011 437 2068 coercuit.
473 2011 569 2068 Turoni
584 2013 722 2086 legionario
738 2013 825 2078 milite,
839 2032 914 2084 quem
925 2013 992 2068 Vra

177 2091 267 2145 sellius
284 2089 367 2144 Varro
383 2089 508 2144 inferioris
526 2091 667 2146 Germaniae
683 2091 783 2162 legatus
798 2091 909 2154 miserat,
928 2107 971 2159 op-

177 2166 280 2238 pressi;
305 2165 393 2221 eodem
416 2167 507 2221 Aviola
524 2167 587 2222 duce
612 2172 638 2222 et
658 2167 810 2238 quibusdam
833 2167 971 2221 Galliarum

176 2243 341 2316 primoribus,
359 2241 403 2314 qui
418 2243 499 2298 tulere
516 2245 636 2300 auxilium
651 2264 702 2316 quo
721 2243 908 2299 dissimularent
929 2242 970 2297 de-

176 2321 325 2386 fectionem,
347 2321 478 2392 magisque
494 2321 522 2376 iu
538 2326 653 2394 tempore
670 2323 797 2377 efferrent.
835 2322 992 2392 Spectatusa

176 2403 204 2454 et
221 2398 340 2454 Sacrovir
356 2397 453 2454 intecto
469 2399 551 2470 capite
566 2417 678 2471 pugnam
694 2418 741 2470 pro
754 2399 877 2454 Romanis
893 2399 969 2465 ciens,

133 2519 134 2524 η
176 2475 346 2540 ostentanda,
372 2479 402 2530 ut
425 2475 529 2542 ferebat,
554 2477 673 2532 virtutis:
692 2476 738 2531 sed
759 2476 859 2547 captivi,
883 2495 916 2531 ne
932 2478 972 2531 in-

175 2557 324 2610 cesseretur
341 2552 407 2618 telis,
425 2553 611 2626 agnoscendum
625 2573 654 2609 se
671 2553 809 2624 praebuisse
824 2555 970 2626 arguebant.

176 2629 322 2686 Consultus
340 2648 416 2701 super
434 2649 463 2686 eo
481 2631 597 2686 liberius
615 2635 764 2702 aspernatus
782 2636 822 2686 est
842 2631 970 2696 iudicium,

178 2707 304 2778 aluitque
313 2706 472 2763 dubitatione
487 2708 588 2764 bellum.
623 2708 733 2764 Interim
748 2709 840 2763 Florus
855 2709 972 2763 insistere
978 2708 1017 2760 42

177 2784 324 2850 destinatis„
345 2784 461 2856 pellicere
479 2785 543 2840 alam
560 2787 684 2858 equitum,
703 2805 767 2857 qua,
792 2786 936 2856 conscripta
958 2803 973 2838 e

178 2862 306 2929 lucrans,
332 2861 424 2916 militia
450 2861 630 2934 disciplinaque
657 2868 748 2918 nostra
770 2863 919 2926 habebatur,
942 2863 973 2913 ut

178 2939 251 2994 casia
264 2938 466 3010 negotiatoribus
482 2939 604 2996 Romanis
618 2940 714 2996 bellum
729 2939 870 3009 inciperet;
888 2934 974 3006 pauci-

180 3034 230 3086 que
239 3015 356 3088 equitum
368 3016 489 3089 conupti,
503 3017 589 3089 plures
603 3018 632 3074 in
642 3017 724 3072 officio
736 3032 861 3070 mansere.
895 3010 996 3067 Aliuda
