2550 3500
139 3120 208 3203 k

206 351 209 357 '
302 354 334 400 42
637 298 757 402 'rechl

303 467 351 530 sat,
376 463 449 535 signa
469 462 550 530 adeat,
573 463 732 536 largitionem
753 469 844 532 tentet,
862 419 1099 540 tanqridmupi'riii'

304 541 436 598 ambitiose
456 542 535 597 filium
550 541 621 606 ducis
639 544 736 614 gregali
753 544 842 600 habitu
856 546 1026 613 circumferat,
1047 551 1098 604 oo-

281 630 428 690 asoremqac
458 620 599 691 Calipalam
625 620 746 691 appellari
774 622 844 678 velit.
891 623 1022 679 Potiorem
1043 626 1097 697 jam

304 695 372 768 apud
383 696 510 752 exercitus
522 696 689 768 Agrippinam
701 717 777 768 quam
788 701 895 772 legatos,
912 720 989 772 quam
1003 701 1098 769 duces;

304 792 473 844 compressam
485 792 501 828 a
516 773 620 828 muliere
638 774 797 842 seditionem,
810 778 853 833 cui
869 797 962 832 nomen
976 779 1098 850 principis

281 851 428 907 tobsistere
447 869 499 906 uon
517 851 635 922 quiverit.
671 853 834 909 Accendebat
853 855 907 910 haec
926 855 1099 926 onerabatque

305 929 420 1001 Sejanus,
433 929 525 1000 peritia
536 947 635 984 morum
647 930 749 997 Tiberii,
763 931 822 986 odia
831 932 860 987 in
870 932 975 1004 longum
990 933 1098 1005 jaciens,

304 1025 361 1078 quae
369 1006 518 1061 reconderet
530 1011 655 1078 auctaque
666 1013 801 1078 promeret.
1137 1068 1139 1081 ,

258 1078 296 1143 70
339 1084 376 1139 At
389 1083 553 1140 Germanicus
569 1083 705 1155 legionum,
725 1105 788 1157 quas
805 1086 912 1142 navibus
928 1090 1042 1154 vexerat,
1061 1106 1102 1143 se·

305 1160 413 1217 cundem
424 1164 451 1216 et
463 1165 580 1233 quartam
592 1161 715 1224 decimam
722 1163 814 1220 itinere
822 1165 940 1220 terrestri
950 1165 980 1220 P.
994 1165 1101 1220 Vitellio

305 1238 432 1294 ducendas
444 1238 531 1304 tradit,
545 1257 595 1310 quo
606 1239 686 1294 levior
703 1240 790 1296 classis
808 1241 902 1297 vadoso
918 1242 982 1297 mari
999 1242 1102 1298 innaret

281 1315 346 1372 2vel
357 1316 485 1388 reciproco
497 1315 599 1372 siderct.
635 1317 756 1374 Vitellius
768 1319 877 1390 primum
886 1320 936 1374 iter
945 1319 1012 1375 sicca
1020 1320 1101 1374 humo

305 1397 351 1449 aut
370 1393 468 1449 modice
489 1393 621 1450 adlabente
640 1405 707 1450 astu
722 1396 837 1468 quietum
853 1396 959 1452 habuit:
978 1415 1041 1452 mox
1055 1398 1101 1452 im-

305 1471 382 1542 pulsu
402 1471 533 1542 aquilonis,
552 1471 628 1529 simul
644 1471 727 1528 sidere
746 1473 898 1544 aequinoctii,
921 1492 972 1545 quo
990 1475 1102 1529 maxime
1137 1470 1139 1480 ¹

282 1549 425 1604 ttamescit
438 1549 563 1616 Oceanus,
575 1549 630 1620 rapi
642 1549 733 1621 agique
745 1569 844 1623 agmen.
880 1551 916 1606 Et
932 1550 1104 1622 opplebantur

305 1629 397 1682 temae:
416 1625 504 1682 eadem
525 1626 599 1692 freto,
621 1625 698 1692 litori,
714 1628 817 1698 campis,
835 1627 930 1694 facies;
950 1647 1034 1698 neque
1054 1628 1104 1682 dis·

306 1703 376 1759 cerni
396 1705 514 1776 poterant
533 1703 631 1759 incerta
650 1703 682 1759 ab
701 1704 795 1771 solidis,
816 1705 904 1761 brevia
924 1724 940 1760 a
958 1705 1102 1778 profundis.

282 1782 463 1837 asternuntur
482 1780 611 1847 fluctibus,
632 1781 786 1837 hauriuntur
808 1782 954 1855 gurgitibus
976 1782 1103 1854 jumenta,

306 1859 428 1926 sarcinae3
446 1876 551 1930 corpora
562 1858 678 1913 exanima
689 1859 848 1926 interfluunt,
864 1864 1007 1915 occursant,
1043 1861 1104 1915 Per·

290 1936 447 1991 miscentur
464 1935 531 1991 inter
549 1954 577 1991 se
597 1936 727 2007 manipuli,
746 1937 821 1991 modo
840 1942 944 2009 pectore
962 1936 1039 1992 modo
1060 1956 1105 1992 ore

307 2017 384 2068 tenus
402 2016 540 2079 exstantes,
559 2012 693 2084 aliquando
715 2014 846 2069 subtracto
865 2015 919 2069 solo
939 2014 1040 2085 disjecti
1060 2010 1106 2070 aut

221 2154 227 2161 ,
284 2103 298 2149 o
308 2090 400 2146 obruti.
420 2090 481 2147 Non
487 2108 540 2146 vox
550 2094 578 2147 et
589 2092 673 2146 mutili
684 2092 802 2148 hortatus
811 2092 942 2164 juvabant,
955 2091 1106 2148 adversante

308 2168 392 2235 unda;
410 2168 473 2223 nibil
485 2172 604 2223 strenuus
617 2168 648 2224 ab
660 2168 760 2241 ignum,
773 2170 873 2241 sapiens
889 2170 921 2225 ab
937 2169 1102 2241 imprudenti,

309 2246 414 2301 consilia
431 2264 447 2301 a
462 2264 523 2301 casu
540 2245 657 2301 differre:
676 2252 769 2301 cuncta
786 2248 841 2319 pari
858 2246 979 2302 violentia
995 2247 1107 2303 involve

285 2323 410 2383 6bantur.
448 2323 561 2379 Tandem
583 2324 705 2380 Vitellius
728 2324 756 2379 in
777 2325 885 2380 editiora
907 2324 993 2379 enisus
1017 2325 1106 2380 eodem

309 2419 401 2473 agmen
421 2400 549 2457 subduxit.
585 2402 772 2458 Peruoctavere
795 2403 850 2457 sine
874 2402 1034 2470 utensilibus,
1053 2403 1108 2462 sine

309 2479 371 2551 igni,
380 2498 472 2551 magna
483 2498 541 2551 pars
553 2478 622 2535 nudo
635 2484 681 2535 aut
692 2480 803 2535 mulcato
815 2498 928 2551 corpore,
941 2479 1011 2534 haud
1022 2480 1107 2535 minus

310 2563 464 2618 miserabiles
481 2582 556 2635 quam
572 2582 636 2636 quos
652 2564 734 2620 hostis
751 2564 928 2621 circumsidet:
948 2564 1043 2636 quippe
1058 2565 1108 2621 illis
1137 2619 1138 2624 ,

287 2640 387 2705 'tetiam
399 2641 512 2697 houestae
524 2642 613 2697 mortis
624 2661 696 2708 usus,
706 2642 746 2697 his
757 2642 893 2714 inglorium
903 2641 1018 2697 exitium.
1048 2642 1109 2698 Lux
1137 2633 1138 2652 ¹

311 2718 422 2774 reddidit
444 2722 547 2786 terram,
569 2723 782 2791 penetratumque
803 2718 835 2774 ad
854 2738 954 2774 amnem
974 2719 1108 2792 Visurgin,
1137 2775 1138 2792 ,

287 2814 363 2868 equo
376 2796 461 2852 Caesar
473 2797 552 2853 classe
564 2797 737 2853 contenderat.
774 2797 905 2868 Imposita
917 2796 977 2851 dein
985 2796 1108 2868 legiones,
1137 2819 1138 2832 ¹

313 2878 422 3007 vergente
442 2874 509 2930 fama
529 2874 700 3009 ’Submemmi
707 2892 755 2929 nec
774 2874 843 3007 fid'dse
860 2874 959 2944 salutis,
972 2878 1109 2946 autequam

338 2970 441 3009 asarem
453 2970 537 3009 exuror
567 2970 644 3025 mque
701 2969 811 3007 ucemm
843 2970 879 3009 rc.
