2550 3500
301 371 348 420 346
371 368 374 374 “
634 368 753 417 ΤΑΟΙΤΙ

253 427 262 438 “
932 430 968 477 [Α.
982 429 1014 468 rr.
1025 430 1052 467 c.
1065 430 1116 468 ars.

278 482 446 539 zhrmeniam
458 482 577 537 abscessu
589 480 723 553 Vologesis
735 480 895 533 infirmatam.
931 480 1001 533 Non
1014 498 1052 533 ea
1062 480 1117 532 im-

299 560 424 630 peratoris
438 559 530 614 habere
546 556 665 612 mandata
683 556 806 613 Corbulo:
831 556 943 627 periculo
959 556 1114 627 legionum

300 641 454 692 commotum
473 654 488 691 e
508 635 637 706 provincia
658 652 795 706 egressum,
817 633 917 705 quando
940 633 969 687 in
997 633 1113 687 incerto

299 713 440 769 habeantur
468 712 622 767 Parthorum
648 719 762 776 conatus,
791 712 889 783 Syriam
912 710 1111 781 repetiturum.

278 791 343 846 asic
366 808 466 862 quoque
489 790 610 860 optimam
633 789 775 844 Fortunam
798 788 925 853 orandam,
950 792 983 841 ut
1010 787 1108 859 pedes,

300 868 430 923 coniectus
445 866 533 937 spatiis
549 866 677 931 itinerum,
691 866 798 921 alacrem
815 869 842 920 et
857 864 982 921 facilitate
995 882 1109 935 campc-

277 955 356 999 hrum
368 944 562 1015 praevenientem
573 943 686 1014 equitem
703 946 888 1013 assequeretur.
924 942 996 997 Exin
1010 942 1106 997 Paetns

299 1041 345 1093 per
361 1021 544 1093 Cappadociam
560 1020 709 1076 hibernavit.
745 1022 782 1075 At
794 1020 928 1091 Vologesis
943 1020 978 1073 ad
999 1019 1104 1074 Ocrbu·

299 1099 382 1153 lonem
391 1098 461 1153 missi
473 1099 563 1163 nuntii,
578 1098 723 1153 detraheret
732 1097 836 1153 castella
847 1102 918 1152 trans
930 1097 1100 1167 Euphraten,

277 1186 455 1247 Summamque,
472 1179 503 1230 ut
520 1176 588 1241 olim,
608 1175 720 1231 medium
739 1175 842 1230 faceret.
878 1174 927 1229 Ille
943 1174 1100 1229 Armeniam

302 1271 404 1323 quoquo
428 1253 533 1309 diversis
557 1252 680 1325 presidiis
705 1270 809 1308 vacuam
829 1251 885 1307 fieri
905 1251 1098 1321 expostulabat.

294 1330 335 1394 Et
352 1333 481 1401 postremo
496 1330 621 1385 concessit
636 1348 700 1396 rex;
718 1329 851 1401 dirutaque
869 1347 925 1399 qum
940 1328 1098 1399 Euphraten

298 1407 368 1461 ultra
385 1407 583 1463 communiverat
603 1406 722 1473 Corbulo,
743 1410 769 1461 et
788 1406 903 1461 Armenii
923 1406 979 1461 sine
996 1405 1096 1461 arbitro

256 1484 382 1542 lSrelicb'
401 1488 470 1541 sunt.
505 1486 542 1539 At
566 1485 656 1539 Romae
676 1488 772 1554 tropaea
790 1482 822 1539 dc
842 1482 944 1538 Parthis
966 1501 1094 1554 arcusque

299 1561 382 1617 medio
394 1561 531 1632 Capitolini
547 1561 641 1615 montis
657 1560 820 1625 sistebantur,
833 1559 936 1615 decreta
951 1559 983 1615 ab
1000 1566 1093 1615 senatu

299 1638 400 1710 integro
417 1639 500 1693 adhuc
516 1638 590 1703 bello,
609 1656 692 1709 neque
707 1642 763 1693 tum
780 1637 880 1703 omissa,
900 1637 960 1691 dum
975 1638 1091 1709 aspectui

278 1715 443 1771 2consulitnr
461 1721 548 1786 spreta
565 1714 727 1772 conscientia.
764 1714 835 1774 Quin
854 1718 881 1770 et
903 1713 1088 1770 dissimulandis

299 1811 385 1846 rerum
404 1800 567 1848 externarum
584 1793 662 1858 curis,
681 1793 752 1847 Nero
771 1792 928 1848 frumentum
947 1792 1027 1863 plebis
1049 1811 1089 1848 ve·

299 1873 397 1924 tustate
408 1874 557 1940 conuptum
567 1869 595 1924 in
606 1869 718 1924 Tiberim
726 1869 797 1941 jecit,
809 1887 859 1940 quo
871 1870 1031 1925 securitatem
1045 1889 1087 1924 an-

278 1958 372 2004 3nona
395 1949 558 2001 sustentaret.
598 1946 680 2018 Cujus
704 1947 786 2017 pretio
808 1945 872 2001 nihil
898 1946 1012 2002 additum
1039 1951 1085 2012 est,

300 2023 414 2095 quamvis
431 2023 553 2079 ducentas
571 2023 651 2078 ferme
668 2041 745 2078 nares
762 2027 840 2094 portu
855 2024 883 2078 in
899 2023 955 2095 ipso
969 2024 1086 2080 violentia

299 2102 466 2172 tempestatis,
483 2108 510 2157 et
528 2105 631 2156 centurn
648 2101 708 2156 alias
724 2100 810 2156 Tiberi
821 2101 954 2157 subvectas
966 2101 1083 2156 fortuitus

277 2179 374 2250 riguis,
387 2179 577 2250 absumpsisset.
613 2179 676 2233 Tres
688 2177 747 2232 dein
758 2177 909 2243 consulares,
917 2178 949 2233 Ir.
962 2179 1082 2244 Pisonem,

298 2255 443 2312 Ducenium
458 2256 600 2322 Geminum,
614 2255 764 2326 Pompeium
777 2254 912 2310 Paulinum
923 2255 1081 2326 vectigalibus
1126 2259 1127 2298 l

298 2332 406 2403 publicis
417 2333 563 2404 praeposuit,
570 2351 628 2388 oum
640 2331 807 2387 insectatione
816 2331 929 2402 priorum
940 2333 1080 2404 principum,
1126 2299 1127 2384 l

300 2409 345 2480 qni
361 2411 488 2480 gravitate
505 2414 653 2481 sumptuum
669 2409 754 2481 justos
769 2407 867 2464 reditus
886 2410 1036 2466 anteissent:
1055 2429 1080 2466 se
1126 2407 1127 2456 l

299 2504 411 2540 annuum
423 2488 564 2543 sexcenties
576 2487 724 2542 sestertium
735 2485 776 2558 rei
783 2485 890 2556 publicae
902 2486 992 2558 largiri.

256 2571 293 2627 19
334 2563 518 2619 Percrebuerat
538 2583 569 2619 ea
591 2567 744 2635 tempestate
764 2563 928 2634 pravissimus
946 2582 1004 2630 mos,
1025 2583 1078 2620 cum

299 2639 447 2710 propinquis
458 2641 567 2695 comitiis
580 2645 625 2695 aut
637 2647 706 2696 sorte
716 2639 901 2710 provinciarum
910 2640 1017 2712 plerique
1027 2642 1077 2697 orbi

298 2717 365 2771 fictis
377 2715 555 2786 adoptionibus
567 2717 719 2772 asciscerem
731 2716 804 2782 filios,
813 2723 983 2789 praeturasque
994 2723 1018 2774 et
1025 2737 1075 2790 prc-

298 2792 394 2846 rincias
406 2792 473 2846 inter
484 2796 570 2862 patrm
582 2793 668 2848 sortiti
679 2793 767 2848 statim
779 2795 926 2849 emitterent
937 2814 1008 2850 manu
1019 2815 1074 2866 quos

277 2867 488 2938 2adoptarerant.
523 2869 620 2940 Magna
641 2888 699 2925 cum
722 2869 817 2924 invidia
837 2876 953 2926 senatum
972 2872 1072 2941 adcunt;

295 2943 339 3014 jus
350 2948 456 3011 natura,
467 2944 565 3000 labores
582 2945 707 3002 educandi
720 2945 841 3003 adversus
853 2947 966 3004 fraudem
978 2954 1001 3005 et
1012 2957 1072 3006 artos
1126 2983 1127 3030 q
