2550 3500
280 374 308 416 lt
612 368 731 417 TACITl

912 433 947 482 [n.
958 433 985 471 u
996 434 1017 472 c.
1028 432 1072 474 ror.
1136 460 1138 487 p

277 478 380 536 boribus
392 481 555 537 desectionem
569 479 659 536 sideris
672 482 833 548 adsimurans,
842 501 1012 554 prospereque
1021 502 1073 538 ces

277 581 338 617 sura
349 562 380 617 od
394 581 449 633 quae
460 565 602 633 pergerent,
616 561 638 615 si
650 561 735 633 fulgor
747 567 773 616 et
785 562 908 616 claritudo
921 561 974 616 dere
985 562 1074 618 redde·
1136 604 1138 633 p

254 645 355 694 8retur.
391 639 477 710 Igitur
500 639 556 694 aeris
580 657 650 703 sono,
676 639 795 694 tubarum
819 658 991 710 cornuumque
1014 659 1074 695 con-
1136 700 1138 703 ,

276 723 353 774 centu
374 722 505 789 strepere3
530 722 606 788 prout
627 717 780 788 splendidior
802 719 971 784 obscuriorve,
992 718 1076 774 laetar‘i
1136 714 1138 777 i

276 801 321 852 aut
333 817 452 864 maerere;
471 803 498 852 et
510 806 644 868 postquam
657 803 720 852 ortae
731 798 812 853 nubes
824 799 930 854 offecere
941 799 1007 854 risui
1020 818 1075 854 ere·
1136 813 1138 831 f

276 875 407 946 ditumque
419 874 546 929 conditam
565 874 685 940 tenebris,
698 879 728 929 nt
745 884 805 930 sunt
821 876 925 930 mobiles
938 875 970 930 ad
987 895 1074 947 super-

276 953 405 1009 stitionem
417 953 538 1024 perculsae
551 953 628 1008 semel
639 958 745 1019 mentes,
759 954 806 1008 sibi
823 959 946 1009 aetemum
962 955 1075 1010 laborem

253 1031 400 1103 tportendi,
414 1049 459 1086 sua
470 1031 582 1086 facinora
593 1032 703 1086 aversari
712 1032 772 1086 deos
784 1032 960 1087 lamentantur.
991 1033 1074 1088 Uten-

277 1109 337 1164 dum
355 1109 517 1164 inclinatione
534 1127 564 1163 ea
581 1109 666 1163 Caesar
683 1114 716 1174 et,
730 1128 786 1180 quae
802 1128 876 1164 casus
894 1110 1029 1176 obtulerat,
1046 1113 1075 1166 iu

253 1198 268 1246 t
277 1187 424 1258 sapientiam
434 1186 555 1242 vertenda
566 1191 646 1251 ratus,
657 1187 784 1241 circumiri
794 1188 904 1242 tentoria
912 1187 992 1258 jubet.
1023 1190 1075 1244 Ac-

277 1265 346 1320 citur
357 1265 471 1320 centurio
485 1264 608 1329 Clemens,
623 1265 684 1318 etsi
699 1265 741 1318 alii
759 1264 831 1319 bonis
848 1265 945 1319 artibus
961 1267 1028 1337 grati
1046 1267 1075 1322 in

281 1343 380 1414 vulgus.
399 1343 532 1414 livigiliis‚
547 1342 707 1407 stelionibus,
720 1342 842 1397 custodiis
854 1348 984 1414 portarurn
996 1363 1024 1398 se
1036 1344 1075 1399 iu-

253 1425 373 1487 osmunt,
390 1439 460 1492 spem
477 1413 709 1485 offerunt,'metum
724 1420 868 1476 intendunt.
906 1421 1074 1492 “Quousque

277 1499 356 1554 filiurn
368 1498 526 1570 imperatoris
539 1497 730 1552 obsidebimus?
748 1498 804 1568 quis
817 1499 982 1554 certaminum
994 1499 1073 1555 finis?

276 1577 449 1632 Percennione
465 1579 491 1630 et
507 1574 633 1629 Vibuleno
651 1579 835 1630 sacramentum
853 1575 946 1630 dicturi
964 1579 1073 1632 sumus?

250 1689 255 1700 ·
276 1653 431 1710 Percennius
443 1655 470 1707 et
481 1651 624 1706 Vibulenus
636 1652 762 1722 stipendia
775 1653 905 1722 militibus,
918 1672 992 1717 agros
1006 1673 1074 1709 erne·

276 1731 333 1787 ritis
350 1730 509 1803 largientur?
527 1729 645 1799 Denique
660 1748 706 1801 pro
722 1729 868 1786 Neronibus
880 1734 907 1787 et
918 1731 1011 1787 Drusis
1026 1731 1074 1787 im-

253 1810 376 1882 7perium
394 1807 481 1880 populi
499 1806 608 1862 Romani
626 1810 778 1878 capessent?
797 1809 865 1873 Quin
880 1810 1016 1880 potius,.ut
1027 1829 1074 1864 no·

276 1888 373 1943 vissimi
392 1887 420 1941 in
440 1886 546 1957 culpam,
566 1886 604 1940 ita
624 1885 699 1957 primi
719 1885 751 1940 ad
770 1887 943 1957 paenitentiam
963 1876 1073 1945 sumus?

275 1964 359 2021 Tarda
375 1972 435 2019 sunt
453 1982 509 2035 quae
527 1962 554 2019 in
572 1980 704 2017 commune
720 1963 928 2035 expostulentur:
946 1965 1073 2035 privatam

252 2044 383 2116 sgratiam
406 2042 493 2097 statim
513 2058 632 2105 mereare,
654 2041 742 2095 statim
762 2041 894 2112 recipias.’'
930 2042 1073 2099 Commotis

276 2140 321 2193 per
338 2121 392 2175 haec
403 2118 530 2174 mentibus
549 2122 576 2172 et
593 2118 661 2173 iuter
676 2137 704 2173 se
722 2119 855 2189 suspectis,
869 2119 977 2174 tironem
995 2139 1011 2174 a
1027 2140 1074 2176 ve-

251 2203 372 2266 sterauo,
384 2197 507 2269 legionem
520 2214 535 2250 a
546 2195 646 2267 legione
658 2195 802 2251 dissociant.
839 2199 904 2251 'I'um
915 2197 997 2252 redire
1009 2217 1073 2269 pau·

274 2276 347 2333 latim
365 2292 434 2330 amor
452 2272 582 2343 obsequii:
601 2272 725 2327 omittunt
742 2277 836 2343 portas,
855 2275 929 2345 signa
945 2293 1026 2329 unum
1042 2276 1073 2331 in

274 2353 358 2409 locum
370 2350 493 2425 principio
505 2350 635 2407 seditionis
654 2354 809 2423 congregata
823 2370 883 2406 suas
899 2352 926 2407 in
943 2351 1015 2407 sedes
1031 2372 1072 2408 re-

275 2432 369 2487 ferunt.

229 2509 267 2565 29
309 2509 411 2563 Drusus
426 2508 483 2561 orto
496 2505 536 2561 die
552 2507 579 2560 et
590 2507 682 2560 vocata
696 2504 823 2571 concione,
837 2524 981 2577 quanquam
997 2507 1072 2565 rudis

275 2586 381 2653 dicendi,
394 2584 526 2639 nobilitato
544 2582 658 2655 ingenita
674 2582 774 2637 incusat
791 2583 881 2654 priora,
898 2584 989 2655 probat
1005 2603 1072 2655 prae-

274 2656 375 2730 sentia}
392 2666 469 2734 negat
481 2680 508 2717 sc
524 2665 621 2717 terrore
637 2665 664 2715 et
680 2660 755 2715 minis
772 2660 854 2715 vinci:
872 2661 951 2716 flexos
969 2661 1001 2716 ad
1018 2682 1072 2717 mo-

274 2742 381 2798 destiam
393 2741 414 2796 si
429 2740 520 2805 videat,
535 2739 557 2795 si
574 2738 700 2810 supplices
712 2738 806 2803 audiat,
824 2739 977 2811 scripturum
992 2742 1070 2811 patri,

250 2826 304 2881 aut
317 2822 429 2893 placatus
442 2819 570 2891 legionum
582 2835 671 2888 preces
683 2817 817 2888 exciperet.
854 2817 1001 2883 Orantibus,
1014 2838 1072 2873 rur-

274 2919 330 2956 sum
342 2899 408 2954 idem
421 2898 520 2952 Blaesus
538 2894 746 2965 culpamus
759 2913 836 2965 eques
848 2894 979 2950 Romanus
997 2915 1012 2950 c
1028 2915 1072 2951 eo-

273 2978 347 3037 hortc
359 2978 446 3045 Drusi,
459 2977 476 3031 J
477 2979 601 3046 ustusque
616 2972 739 3028 Catonius
750 2972 826 3043 primi
837 2974 932 3031 ordinis
944 2975 1071 3045 centurio,
