2550 3500
204 432 223 467 A
240 431 258 468 D
276 430 317 479 ²³]
414 369 489 419 Tse.
507 370 639 417 ANNAL.
658 370 703 419 1v.
722 373 795 419 1-3.
947 372 993 421 135

204 489 288 533 cestra
315 477 486 545 conducendo,
512 483 543 535 ut
566 480 642 537 simul
658 482 764 553 imperia
780 480 931 551 acciperent,
949 499 995 535 nu-

202 574 325 627 meroque
342 561 369 611 et
393 556 484 612 robore
501 561 529 613 et
547 558 604 613 visu
620 558 688 613 inter
710 577 739 614 se
756 558 849 613 fiducia
871 558 942 628 ipsis,
966 558 994 612 in

202 640 303 687 ceteros
315 637 407 703 metus,
425 632 567 689 adderetur.
603 634 782 691 Preteudebat
799 634 914 690 lmdrire
929 634 1017 690 nili-a

201 715 256 763 tem
268 708 418 776 diductum3
437 710 459 765 si
471 710 533 781 quid
544 711 657 766 subitum
668 712 780 784 ingruat,
792 712 888 784 majore
900 712 994 767 auxilio

201 786 300 857 pariter
312 786 441 842 subveniri
448 808 456 852 ;
475 791 501 842 et
514 788 626 843 severius
638 793 748 854 acturos,
761 789 784 844 si
792 788 886 844 vellum
897 791 985 845 statua

201 869 248 917 tur
271 862 361 933 procul
377 862 449 919 urbis
466 863 598 921 illecebris.
637 864 674 920 Ut
691 866 806 937 perfecta
822 869 883 921 sunt
901 870 1016 931 castret

200 938 315 1011 irrepere
323 938 445 1011 paulatim
457 940 578 995 militares
590 941 687 997 animos
696 942 820 1009 adeundo,
829 941 993 1014 eppellaud0;

202 1016 280 1071 simul
303 1017 465 1073 centuriones
489 1035 518 1073 ac
535 1018 653 1074 tribunos
675 1020 731 1091 ipss
748 1019 865 1091 deligere.
901 1019 1019 1091 Ncqnes

202 1095 331 1151 senatorio
344 1094 439 1150 ambitu
453 1094 596 1151 abstinebat
608 1096 714 1153 clientes
725 1115 786 1153 suos
797 1096 935 1152 hononbus
947 1101 993 1152 aut

202 1172 341 1242 provinciis
365 1171 477 1237 ornandi,
502 1172 571 1227 facili
587 1173 689 1229 Tiberio
710 1178 787 1246 atque
803 1174 842 1228 ita
857 1192 944 1245 prcuc,
962 1178 993 1229 ut

204 1249 303 1304 socium
326 1248 441 1304 labomm
457 1267 510 1305 non
531 1250 607 1306 modo
626 1250 655 1305 in
677 1251 834 1307 sermonibus
857 1250 903 1307 sed
926 1250 994 1322 epud

202 1331 291 1397 patres
309 1330 336 1381 et
354 1326 473 1397 populum
492 1326 637 1393 celebraret,
657 1328 756 1401 colique
774 1346 822 1399 per
844 1328 945 1384 theatra
967 1332 995 1383 et

203 1403 261 1457 fora
283 1403 378 1473 effigies
396 1406 452 1473 ejus
472 1403 588 1476 interque
605 1405 729 1476 principis
745 1405 875 1477 legionum
891 1405 993 1459 sineret.

203 1480 327 1535 Ceterum
340 1480 415 1551 plena
426 1480 555 1536 Ooesarum
571 1481 669 1548 domus,
684 1482 784 1555 juvenis
801 1482 876 1547 lilius,
888 1486 1020 1554 nepotes8

203 1556 293 1623 adulti,
311 1576 414 1613 moram·
425 1558 518 1629 eripitis
534 1559 688 1626 afferebant3
706 1564 733 1615 et
749 1560 809 1631 quia
823 1559 850 1615 vi
864 1562 905 1613 tot
918 1559 994 1613 simul

202 1634 331 1705 corripere
348 1635 469 1700 intutum,
483 1634 557 1691 dolus
570 1636 704 1692 intervella
718 1636 841 1692 scelerum
858 1635 993 1707 poscebat:

204 1711 300 1782 pluunt
323 1715 410 1768 temen
433 1712 556 1769 occultior
573 1714 621 1780 via,
642 1720 669 1770 et
686 1732 702 1770 s
720 1714 808 1770 Druso
824 1712 942 1785 incipere,
966 1712 994 1768 in

203 1808 280 1860 quem
303 1790 400 1846 recenti
417 1790 455 1846 ira
472 1790 608 1846 ferebatur.
645 1792 714 1852 Nam
731 1793 841 1858 Drusus,
859 1790 1017 1862 impetiensa

203 1867 288 1922 aemuli
299 1872 326 1922 et
338 1867 422 1922 animo
434 1867 589 1934 commotior,
608 1873 666 1924 orto
677 1869 744 1925 forte
753 1869 839 1942 jurgio
849 1867 994 1924 intenderat

204 1943 296 2015 Sejuno
319 1963 417 2010 manus,
442 1948 469 2001 et
492 1951 581 2000 eontra
604 1945 733 2002 tendentis
756 1965 785 2002 cs
808 1945 991 2002 verberaverat.

202 2021 290 2092 Igitur
302 2026 394 2077 cuncta
404 2022 516 2077 tentanti
525 2023 743 2095 promptissimum
751 2024 835 2078 visum
846 2022 879 2078 ad
886 2037 1015 2083 uxorema

202 2099 259 2169 ejus
274 2099 375 2154 Liviam
392 2103 554 2166 convertere3
574 2119 630 2172 quac
647 2118 720 2156 soror
736 2100 886 2165 Germanici,
905 2099 993 2153 formu

201 2175 277 2230 initio
295 2176 378 2230 etatis
395 2175 527 2243 indecore,
545 2195 605 2232 mcx
621 2177 811 2248 pulchritudine
825 2175 992 2248 precellebat.

201 2253 287 2319 Hunc,
306 2257 337 2308 ut
354 2271 439 2309 amore
455 2254 581 2324 incensus,
600 2255 724 2311 adulterio
741 2254 860 2327 pellexit;
878 2258 906 2309 et
923 2258 994 2325 post-

202 2349 280 2401 quam
296 2331 371 2401 primi
388 2331 479 2403 flagitii
496 2333 594 2403 potitus
609 2337 657 2402 est,
672 2334 766 2404 (neque
782 2331 883 2398 femina,
901 2331 994 2387 amissa

135 2469 136 2472 Ἴ
201 2406 333 2478 pudicitia,
349 2407 398 2462 alia
413 2408 550 2478 abnuerit)
566 2409 727 2482 ad'conjugii
742 2427 821 2481 spem,
837 2409 992 2464 consortium

134 2481 135 2486 l
200 2484 901 2632 zrrrsrrruuluurrrsfflrer
915 2496 1017 2634 tl?

200 2657 230 2694 ao
242 2639 352 2710 majores
364 2643 391 2693 et
407 2643 522 2710 posteros
538 2639 686 2711 municipali
701 2639 815 2696 adultero
831 2640 949 2705 loedabat,
961 2643 992 2694 ut

201 2735 248 2786 pro
260 2715 375 2771 honestis
385 2723 411 2771 et
424 2715 591 2787 presentibus
603 2715 731 2788 flagitiosa
741 2722 769 2773 et
780 2718 878 2774 incerta
888 2730 1018 2787 exspect

200 2799 277 2848 taret.
315 2793 431 2848 Sumitur
453 2793 481 2848 in
498 2795 678 2849 conscientiam
694 2794 833 2860 Eudemus,
851 2795 946 2849 amicus
963 2809 993 2846 ac

203 2871 317 2926 medicus
341 2870 429 2936 Liviae,
449 2872 532 2942 specie
550 2871 613 2926 artis
631 2872 750 2943 frequens
767 2872 880 2927 secretis.
916 2867 993 2922 Pellit

205 2948 280 3003 domo
302 2948 408 3018 Sejanus
426 2965 531 3004 uxorem
548 2949 690 3022 Apicatam,
708 2967 742 3004 eu
758 2967 809 3019 qua
825 2953 879 3002 tres
900 2943 993 2999 liberos
