2550 3500
199 443 217 482 Δ
236 441 255 481 D
272 441 315 490 2⁰]
398 378 594 427 ANNALIUM
612 380 666 427 111.
683 383 786 430 27-30.
942 383 990 434 los

196 509 303 545 munere
327 490 473 560 capessendi
493 491 682 563 vigintiviratus
703 492 851 559 solveretur,
869 496 897 549 et
917 495 990 565 quin·
1013 527 1018 540 ·

195 568 308 639 quennio
325 568 450 622 maturius
470 587 545 639 quam
563 588 608 639 per
624 569 695 640 legas
712 575 864 641 questurum
880 576 986 643 peteret,

193 664 248 701 non
264 646 320 700 sine
340 644 417 699 irrisu
441 646 595 701 audientium
619 646 766 717 postulavit.
801 649 1013 715 Praetendebatt

194 723 245 779 sibi
257 727 334 793 atque
346 722 421 777 fratri
437 722 539 778 decreta
556 723 644 778 eadem
659 728 763 795 petente
773 727 901 796 Augusto.
938 727 988 782 Sed

194 800 445 933 ttttttttt?
461 800 831 951 illiiiltfimtllililtd
843 822 988 937 tm

195 958 270 1010 erunt
277 977 285 1021 ;
304 954 435 1025 magisque
450 954 478 1009 in
493 955 572 1011 oculis
584 958 659 1010 vetum
670 974 733 1022 mos,
746 961 774 1011 et
788 957 911 1029 privignis
929 976 988 1014 cum

194 1032 288 1087 vitrico
300 1031 379 1086 levior
390 1032 559 1098 necessitudo,
570 1050 646 1103 quam
657 1050 705 1087 avo
716 1033 849 1089 adversum
860 1039 986 1106 nepotem.

196 1108 312 1165 Additur
334 1107 496 1179 pontificatus
519 1113 553 1174 et,
576 1126 626 1179 quo
650 1110 758 1180 primum
781 1111 926 1167 diciorum
950 1112 1011 1167 int

196 1204 302 1258 gressus
314 1188 362 1252 est,
374 1185 528 1257 congiarium
539 1186 608 1257 plebi
616 1186 750 1241 admodum
762 1186 833 1254 latus,
846 1189 915 1260 quod
926 1190 988 1245 Ger·

195 1263 292 1318 manici
315 1262 419 1333 stirpem
445 1262 498 1333 jam
520 1262 641 1333 puberem
667 1263 827 1335 adspiciebut.
874 1267 1012 1325 sununs

195 1341 290 1395 dehinc
308 1338 429 1411 gaudium
446 1340 543 1411 nuptiis
560 1340 672 1395 Nemnis
689 1348 716 1395 et
733 1341 808 1397 Julirc
824 1342 905 1398 Drusi
921 1344 986 1399 tiliae.

197 1418 287 1488 thue
298 1417 352 1471 hac
365 1415 475 1471 secundo
490 1436 599 1483 rumore,
613 1418 651 1472 ita
667 1417 779 1473 adversis
794 1419 884 1475 animis
901 1434 1010 1492 accept

193 1499 253 1550 tum
277 1493 344 1565 quod
367 1494 418 1549 filio
447 1493 547 1549 Claudii
572 1513 646 1550 socer
673 1496 780 1565 Sejanus
809 1495 985 1553 destinaretur.

193 1572 323 1627 Polluisse
340 1571 499 1627 nobilitatem
515 1571 616 1627 ianriliae
633 1572 774 1639 videbatur,
792 1578 1011 1647 suspectumqnsq

191 1650 245 1723 jum
259 1649 342 1703 nimiae
354 1650 410 1720 spei
422 1648 541 1720 Sejanum
551 1649 620 1704 ultra
631 1649 761 1705 extulisse.

231 1726 295 1783 Fine
307 1726 366 1782 unni
375 1744 519 1782 concessere
531 1726 585 1782 vitu
595 1727 708 1800 insigues
720 1727 768 1783 viri
779 1727 812 1784 L.
824 1728 947 1785 Volusius
959 1732 986 1786 et
995 1741 1034 1797 30

194 1804 334 1860 Sallustius
343 1804 458 1875 Crispus.
494 1803 600 1860 Volusio
612 1810 687 1860 vetus
698 1806 799 1872 familia,
808 1825 890 1878 neque
901 1811 1010 1864 tament

192 1888 333 1956 praeturam
357 1901 475 1956 egressa:
500 1883 556 1954 ipse
575 1884 736 1940 consulatum
758 1886 853 1954 intulit,
873 1888 987 1943 censorin

192 1963 274 2018 etiam
303 1965 431 2032 potestate
455 1960 567 2032 legendis
592 1963 707 2033 equitum
736 1962 845 2018 decuriis
873 1964 986 2031 fundus,

192 2057 331 2111 opumque,
353 2038 411 2108 quis
432 2036 522 2094 domus
544 2038 589 2093 illa
610 2039 761 2095 immensum
781 2041 871 2113 viguit,
890 2041 987 2112 primus

191 2115 377 2172 adcumulutor.
414 2115 533 2186 Crispum
549 2117 662 2187 equestri
680 2122 765 2172 ortum
776 2117 833 2173 loco
849 2118 879 2172 O.
893 2119 1009 2175 sallus-s

190 2195 257 2258 tius,
277 2211 362 2248 rernm
380 2193 553 2247 Romanam
568 2194 763 2250 florentissimus
779 2199 874 2261 auctor,
893 2195 987 2250 sororis

192 2274 315 2342 nepotem
340 2269 368 2324 in
390 2287 482 2324 nomen
505 2269 620 2326 adscivit.
662 2273 748 2342 Atque
770 2272 819 2338 ifle,
845 2278 1010 2344 quanquam

191 2346 987 2499 ttttt&stulttlttttdulttttd

192 2500 417 2570 consulariumque
428 2501 544 2572 potentia
560 2501 657 2567 anteiit,
670 2502 784 2558 dvorsus
796 2523 812 2558 a
822 2508 937 2560 veterum
948 2506 988 2560 iu·

192 2579 290 2634 stituto
301 2595 348 2648 per
365 2576 462 2632 cultum
480 2581 512 2633 ct
522 2578 667 2644 munditias,
681 2580 801 2653 copiaque
817 2585 844 2637 et
860 2583 987 2639 affluentia

192 2658 258 2714 luxu
277 2657 388 2730 propior.
425 2657 533 2714 Suberat
550 2666 636 2714 tamen
653 2660 727 2733 vigor
744 2662 821 2717 animi
840 2663 1008 2736 ingentibus5

193 2735 307 2807 negotiis
320 2753 373 2806 par,
386 2752 417 2790 eo
433 2736 514 2790 acrior
530 2754 580 2807 quo
596 2755 713 2793 somnum
729 2743 755 2796 et
769 2740 886 2795 inertiam
904 2741 984 2812 magis
1016 2806 1020 2816 q

195 2811 349 2867 ostentabat.
387 2812 473 2883 Igitur
489 2813 609 2869 incolumi
619 2814 761 2872 Maeceuate
776 2817 912 2888 proximus,
925 2835 1020 2884 moxp·

195 2889 339 2959 precipuus
351 2889 394 2946 cui
406 2893 503 2944 secretu
520 2891 700 2962 imperatorum
716 2894 891 2956 inniterentur,
904 2895 931 2945 et
948 2891 985 2945 in-

197 2965 337 3022 terficiendi
354 2966 473 3022 Postumi
492 2968 612 3039 Agrippae
629 2971 754 3036 conscius,
773 2973 849 3025 atate
866 2969 987 3039 provecta.
