2550 3500
433 382 626 430 ANNALIUM
645 381 665 429 1.
679 383 782 430 34-38.
976 381 1008 429 28

220 445 274 484 nn,
309 474 313 484 .

219 445 426 564 paraiilegatos,
446 493 490 564 qui
513 494 669 565 superiorem
691 493 831 548 exercitum
852 491 884 546 ed
906 509 1009 546 eausam

217 572 320 626 eandem
338 573 485 638 traherent;
510 571 665 626 destinatum
683 570 781 626 excidio
796 569 923 625 Ubiorum
939 569 1009 639 oppi-

216 648 282 716 dum,
302 649 463 719 imbutasque
480 649 565 719 proeda
581 668 671 703 manus
687 649 715 703 in
732 648 899 719 direptionem
917 647 1008 702 Gallie-

214 745 270 780 rum
282 731 425 797 erupturas.
461 726 581 798 Augebat
592 731 690 781 metum
704 744 798 798 gnerus
810 725 932 780 Romanae
944 724 1031 782 sedi-2

213 803 290 858 tionis
307 808 341 868 et,
358 803 380 858 si
394 802 556 859 omitteretur
573 803 635 875 ripe,
653 803 788 859 invasurus
801 802 891 857 hostis
926 804 964 858 At
984 803 1008 859 si

212 881 307 936 auxilia
318 887 345 935 et
357 881 419 935 socii
431 879 565 936 adversum
580 880 745 936 abscedentes
758 879 870 952 legiones
883 897 1007 934 armarere

212 964 263 1024 tur,
283 958 357 1013 civile
371 958 465 1014 bellum
486 959 588 1030 suscipi.
623 957 770 1013 Periculosa
789 957 918 1022 severitas,
934 958 1030 1030 degi-e

210 1037 279 1090 tiosa
290 1035 409 1107 largitio:
429 1054 475 1091 seu
490 1035 555 1092 nihil
571 1035 646 1092 militi
658 1036 712 1091 sive
727 1035 812 1090 omnia
827 1034 1004 1102 concedentur,

209 1113 239 1167 in
253 1113 359 1184 ancipiti
373 1131 413 1167 res
429 1113 537 1184 publice.
574 1113 661 1185 Igitur
676 1112 799 1168 volutatis
816 1112 885 1168 inter
900 1131 928 1167 se
946 1113 1030 1170 rati-4

210 1190 304 1246 onibus
313 1190 435 1261 placitum
448 1195 479 1246 ut
495 1190 608 1263 epistole
624 1191 726 1245 nomine
737 1190 857 1262 principis
869 1189 1006 1245 scriberen-

210 1271 263 1332 tur,
283 1268 429 1323 missionem
450 1267 505 1323 dari
521 1267 611 1325 vicena
631 1267 759 1340 stipendia
776 1268 891 1334 meritis3
916 1286 1020 1330 erraue-¹

210 1345 292 1400 toreri
310 1346 353 1418 qui
370 1364 432 1401 sena
448 1345 513 1401 dena
530 1346 658 1411 fecissent,
668 1365 697 1402 ac
714 1346 820 1402 retineri
839 1345 886 1401 sub
905 1345 1005 1411 vexillo,

210 1427 355 1479 ceterorum
366 1423 490 1479 immunes
502 1423 552 1478 nisi
563 1423 726 1495 propulsandi
737 1424 834 1492 hostis;
851 1423 936 1496 legata
948 1444 1006 1497 qme

210 1502 362 1572 petiverant,
376 1500 471 1556 exsolvi
483 1499 664 1573 duplicarique.

246 1578 333 1632 Sensit
349 1578 421 1633 miles
436 1577 464 1632 in
474 1583 575 1649 tempus
592 1579 707 1644 conficte,
720 1577 857 1648 statimque
871 1576 1003 1648 flagitavit.
1013 1586 1052 1648 37

209 1655 303 1710 Missio
315 1674 361 1726 per
376 1655 492 1710 tribunos
508 1659 668 1722 maturatum
686 1655 788 1727 largitio
804 1653 966 1710 differebatur
977 1655 1006 1710 in

208 1733 317 1789 hiberna
335 1734 466 1805 cujusque.
502 1733 564 1789 Non
580 1733 723 1789 abscessere
744 1732 860 1805 quintani
878 1733 1028 1797 unetvicez

208 1812 359 1883 simonique,
372 1811 452 1867 donec
469 1810 549 1867 isdem
565 1812 594 1867 in
611 1811 706 1866 aestivis
721 1815 853 1867 contrecta
866 1830 898 1866 ex
911 1812 1004 1867 viatico

209 1890 347 1944 amicorum
376 1889 507 1961 ipsiusque
536 1889 644 1944 Caesaris
673 1888 782 1964 pecunia
810 1889 1003 1960 persolveretur.

208 1967 324 2022 Primam
341 1984 370 2021 ac
386 1967 531 2022 vicesimam
547 1966 660 2039 legiones
680 1966 781 2021 Caecina
796 1965 896 2038 legatus
907 1967 935 2021 in
946 1967 1028 2031 civi-3

207 2049 291 2099 tatem
311 2044 437 2099 Ubiorum
461 2044 570 2109 reduxit,
592 2044 665 2115 turpi
683 2044 792 2115 agmine,
817 2063 876 2099 cum
898 2044 953 2099 fisci
973 2044 1005 2099 de

208 2122 362 2193 imperatore
382 2122 449 2194 rapti
465 2122 534 2183 iuter
551 2122 624 2194 signa
639 2122 757 2191 interque
774 2122 870 2192 aquilas
887 2122 1006 2177 veheren-

208 2205 261 2254 tur.
301 2200 466 2255 Germanicus
484 2201 641 2271 superiorem
660 2198 693 2253 ad
709 2199 851 2254 exercitum
867 2200 1029 2271 protectum

208 2276 345 2331 secundem
360 2281 387 2332 et
403 2277 506 2333 tertiam
521 2278 643 2333 decimam
655 2285 682 2332 et
694 2282 793 2332 sextam
809 2276 931 2333 decimam
944 2278 1006 2350 legi·

208 2372 279 2420 ones,
303 2355 366 2409 nihil
389 2360 530 2421 cunctatas,
556 2358 713 2413 sacramento
738 2355 826 2427 adigIt.
863 2355 1028 2415 Quaaadee

208 2432 301 2487 cimani
315 2436 418 2503 paulum
437 2432 631 2489 dubitaverant:
650 2433 759 2504 pecunia
774 2437 809 2488 et·
818 2433 906 2488 missio
920 2452 1007 2506 quam·

207 2511 247 2565 vis
260 2528 312 2565 non
323 2510 497 2582 flagitantibus
508 2510 593 2567 oblata
605 2514 653 2566 est.

243 2590 280 2643 At
290 2588 316 2643 in
327 2588 435 2643 Chaucis
445 2592 586 2659 coeptavere
596 2587 746 2644 seditionem
755 2588 901 2661 presidium
910 2588 1005 2663 agitau-
1013 2602 1051 2657 38
1063 2641 1077 2673 ι

206 2672 247 2721 tes
261 2666 385 2721 vexillarii
399 2665 553 2721 discordium
565 2667 701 2739 legionum,
715 2670 742 2722 et
758 2668 879 2739 presenti
897 2667 1006 2723 duomm

207 2744 317 2801 rnilitum
336 2744 461 2816 supplicio
480 2745 585 2817 paulurn
605 2746 716 2818 repressi
735 2751 805 2803 sunt.
840 2748 959 2802 Jusserat
978 2748 1028 2809 ide

208 2824 329 2878 Mennius
353 2828 495 2878 castrorum
523 2824 667 2895 praefectus,
693 2823 760 2879 bono
783 2826 865 2896 magis
891 2824 1005 2895 exemplo

210 2920 284 2970 quarn
304 2919 423 2956 concesse
440 2900 505 2971 jure.
542 2901 643 2957 Deinde
660 2901 846 2957 intumescente
862 2908 934 2955 motu
949 2916 1027 2971 pree

212 2979 288 3051 lngus
301 2983 475 3050 repertusque,
488 2982 623 3051 postquam
634 2979 727 3034 intutae
738 2978 848 3043 latebrae,
861 2977 1006 3049 presidium
