2550 3500
312 411 360 458 858
646 406 765 455 Taelrr

936 468 972 517 [u.
982 467 1011 506 u.
1018 466 1042 505 e.
1051 466 1091 510 aar

308 524 337 575 et
348 518 445 585 Celere,
458 518 549 592 qulbus
565 518 695 591 ingenium
709 522 735 575 et
752 516 856 573 audaoia
870 520 933 582 erat,
947 517 1024 571 etiam
1041 535 1098 587 quar

309 603 401 652 natum
416 596 600 668 denegavisset,
612 615 659 667 per
670 600 750 651 artem
767 599 867 650 tentare
879 599 906 649 et
922 593 1018 649 viribus
1029 594 1099 664 prin-

287 674 372 744 aoipis
392 673 504 729 illudere.
541 673 658 744 Namque
679 672 711 728 ab
731 672 788 728 laon
808 673 910 727 Averno
930 670 1099 742 navigabilem

308 750 403 805 fossam
411 768 492 821 usque
503 748 535 805 ad
543 750 609 804 ostia
619 749 739 805 'liberino
746 749 909 820 depressuros
921 749 1099 820 promiserant,

287 828 435 897 aequalenti
446 827 526 892 litore,
540 830 585 881 aut
596 844 643 897 per
652 830 750 881 montes
762 826 888 881 adversos,
926 826 1017 895 Neque
1029 825 1098 881 enim

308 904 378 960 aliud
392 903 522 959 humidum
543 902 676 975 gignendis
698 904 769 974 aquis
786 903 897 959 oeourrit
914 920 990 973 quam
1003 902 1099 974 Pomp-

308 982 369 1037 tina
386 980 505 1052 paludes:
527 985 612 1036 oetera
628 980 737 1051 abrupta
753 984 798 1035 aut
816 979 929 1046 arentia;
953 997 983 1034 ao
1000 978 1023 1034 si
1040 997 1098 1050 per-

308 1058 392 1129 rumpi
414 1061 524 1129 possent,
548 1056 720 1112 intolerandus
743 1056 821 1121 labor,
845 1074 893 1111 nee
920 1056 981 1112 satia
1005 1073 1096 1113 eausa.

286 1136 379 1191 4Nero
399 1138 492 1199 tamen,
517 1137 548 1189 ut
570 1140 625 1189 erat
648 1132 832 1189 incredibilium
855 1132 962 1204 cupitor,
987 1132 1097 1189 effodere

307 1211 422 1283 proxima
433 1213 534 1267 Averno
544 1211 607 1283 juga
617 1210 736 1265 oomrisua
748 1214 804 1276 est;
823 1213 977 1281 manentque
988 1210 1097 1281 vestigia

263 1294 301 1348 43
307 1288 386 1343 irrita
397 1287 458 1359 spei
494 1288 615 1343 Ceterum
626 1287 698 1343 urbis
706 1306 762 1357 que
774 1286 860 1341 domui
871 1291 1030 1357 supererant,
1037 1305 1096 1353 non,

307 1369 338 1420 ut
348 1369 407 1437 post
419 1364 515 1421 Gallica
530 1363 651 1429 ineendia,
671 1364 742 1422 nulla
758 1363 920 1419 distinetione
936 1382 984 1419 neo
1001 1365 1097 1435 passim

305 1448 407 1510 ereeta3
425 1443 471 1499 sed
483 1443 601 1499 dimensis
617 1443 729 1498 vinorum
740 1442 871 1498 ordinibus
888 1446 915 1498 et
926 1442 985 1497 latis
996 1443 1097 1498 riarum

307 1521 396 1591 spatiis
412 1520 571 1591 eohibitaque
587 1520 749 1575 aedificiorum
766 1520 899 1575 altitudine
916 1538 945 1575 ao
961 1520 1097 1591 patefactis

306 1599 379 1664 areis,
404 1598 546 1669 additisque
576 1597 714 1669 porticibus
743 1616 799 1669 qnoe
822 1598 932 1653 frontem
955 1597 1097 1653 insularum

285 1679 476 1748 aprolegerent.
511 1676 563 1731 Eas
574 1675 687 1746 porticus
705 1675 731 1731 N
732 1694 775 1731 ero
787 1694 833 1731 sua
844 1675 951 1746 pe'ounia
962 1678 1097 1731 extruetu-

285 1772 371 1884 all
384 1753 945 1902 ltffitmttllllllllll
955 1753 1097 1886 llll?

307 1905 357 1960 aris
365 1906 452 1976 copiis,
461 1907 592 1979 finivitque
600 1912 701 1980 tempus
713 1909 782 1962 intra
788 1908 857 1978 quod
868 1907 964 1963 effectis
977 1908 1097 1964 domibus

284 1986 353 2040 lant
365 1981 454 2037 insulis
470 1983 650 2054 apisoerentur.
685 1983 784 2040 Ruderi
799 1985 943 2055 accipiendo
958 1985 1097 2040 Ostienses

306 2058 410 2130 paludes
422 2058 572 2124 destinabat,
584 2059 676 2128 utique
686 2079 763 2116 naves
774 2079 829 2132 qna
841 2061 996 2116 frumentum
1009 2062 1098 2118 Tiberi

306 2138 506 2207 subveetdssent,
518 2142 616 2194 onusta
631 2138 723 2194 rudere
741 2139 902 2196 decurrerent
914 2161 921 2204 3
939 2140 1097 2214 aedificiaque

306 2214 369 2284 ipsa,
379 2220 449 2271 oerta
459 2216 500 2271 sni
508 2221 588 2287 parte,
597 2216 652 2272 sine
661 2217 774 2272 trabibus
786 2235 847 2272 saxo
856 2216 953 2272 Gabino
962 2217 1097 2274 Albanove

306 2291 480 2358 solidarentur,
498 2293 566 2364 quod
582 2293 604 2350 is
619 2293 682 2364 lapis
700 2293 800 2365 ignibus
815 2293 951 2365 impervius
967 2299 1024 2351 eat:
1042 2296 1097 2368 jam

306 2384 374 2437 aqua
402 2369 556 2439 privatorum
584 2370 688 2426 lieentia
712 2371 926 2442 interoepta·quo
948 2370 1046 2443 largior
1071 2377 1097 2428 et

305 2443 419 2514 pluribus
431 2446 493 2501 locis
508 2447 535 2501 in
546 2447 675 2518 publicum
691 2448 789 2513 flueret,
802 2447 929 2514 custodes,
942 2452 969 2504 et
980 2449 1098 2506 subsidia

305 2520 468 2591 reprimendis
479 2523 580 2594 ignibus
592 2524 620 2578 in
634 2524 769 2596 propatulo
787 2525 894 2598 quisque
905 2525 1029 2594 baberet;
1048 2546 1097 2583 neo

306 2598 480 2653 eommunione
496 2601 627 2670 parietum,
641 2601 686 2656 sed
701 2603 808 2674 propriis
824 2621 931 2676 quaque
946 2603 1028 2660 muris
1046 2623 1097 2660 am-

283 2673 428 2729 abirentnr.
464 2676 1096 2754 Eaexutilitateaooeptadeaoremqnoquenova

305 2753 364 2807 urbi
386 2752 503 2808 attulere.
538 2755 619 2811 Erant
643 2761 729 2814 tamen
751 2760 796 2830 qui
823 2760 956 2816 crederent
979 2765 1096 2818 veterem
1139 2757 1140 2783 ¹

304 2829 373 2883 illam
395 2829 501 2886 formam
524 2832 667 2889 salubritati
689 2835 770 2908 magis
790 2837 948 2906 oonduxisse‚
973 2839 1096 2910 quoniam

305 2906 429 2974 angustie
437 2906 556 2961 itinerum
563 2912 590 2963 et
602 2909 710 2965 altitudo
719 2915 844 2968 tectorum
855 2933 907 2968 uon
915 2915 1021 2986 perinde
1034 2917 1096 2972 solis

305 2999 397 3053 vapore
413 2989 650 3056 perrumperentur:
669 2991 696 3042 at
713 3007 781 3047 nuno
801 2991 913 3063 patulam
929 2991 1097 3050 latitudinem
1137 2999 1138 3084 l

1127 3085 1137 3216 l
