2550 3500
285 366 331 411 216
616 362 735 409 TACITI

914 426 947 473 [A.
958 426 988 464 U.
997 426 1022 465 0.
1031 426 1076 465 800.

271 494 342 542 ,nam
354 474 495 543 albentibus
507 474 574 527 loliis
586 474 666 528 visam
678 476 755 544 atque
766 474 803 529 ita
813 474 1013 545 interpretatum
1023 482 1076 530 tra-

284 552 376 617 didere,
396 554 517 621 vergente
538 554 674 605 auctumno
693 555 802 606 mortem
821 552 942 623 principis
962 553 1075 607 ostendi

263 630 353 685 sfflud
364 628 433 683 haud
445 628 588 699 ambigitur,
602 628 778 700 qualicumque
789 630 914 683 insomnio
925 630 977 700 ipsi
987 630 1076 684 fratri-

285 726 333 778 que
354 706 489 777 perniciem
510 704 617 759 allatam.
655 706 808 761 Sestertium
825 707 970 777 quindecies
990 710 1019 761 et
1039 708 1077 761 in-

263 786 367 857 6signia
389 789 505 857 praeturae
530 784 647 854 Crispino
671 784 779 839 decreta.
827 786 929 856 Adjecit
952 786 1077 840 Vitellius
1144 801 1146 806 ·

285 864 430 918 sestertium
442 860 524 915 decies
537 861 643 927 Sosibio,
657 862 725 934 quod
736 863 912 917 Britannicum
929 865 1076 934 praeceptis,

263 940 417 996 lClaudium
441 938 551 994 consiliis
571 938 680 1009 juvaret.
728 940 846 1011 Rogatus
869 940 1025 995 sententiam
1049 946 1078 995 et

285 1019 376 1089 Scipio,
396 1017 486 1071 “Cum
509 1016 601 1082 idem‚'’
624 1018 707 1086 inquit
735 1018 791 1071 “de
815 1017 932 1073 admissis
955 1018 1077 1088 Poppae
1144 1007 1146 1028 Ι

284 1097 391 1152 sentiam
415 1094 482 1166 quod
505 1112 599 1159 omnes,
624 1099 714 1165 putate
738 1113 779 1149 me
801 1094 870 1149 idem
893 1094 984 1160 dicere,
1006 1095 1078 1166 quod

284 1175 396 1240 omnes,”
409 1174 519 1245 eleganti
530 1176 728 1243 temperamento
743 1173 812 1229 inter
829 1173 989 1245 conjugalem
1007 1192 1078 1229 amo-

284 1272 337 1307 rem
349 1258 375 1306 ct
388 1251 538 1306 senatoriam
549 1250 734 1305 necessitatem.

259 1346 277 1399 5
320 1330 462 1384 Continuus
485 1328 544 1383 iude
567 1330 594 1382 et
617 1346 699 1381 saevus
718 1326 865 1383 accusandis
885 1327 936 1381 reis
958 1327 1075 1393 Suillius,

283 1407 407 1477 multique
428 1405 537 1461 audaciae
551 1404 607 1476 ejus
623 1404 715 1458 aemuli.
751 1405 820 1459 Nam
832 1410 926 1459 cuncta
942 1404 1033 1475 legum
1049 1411 1077 1461 et

285 1485 478 1556 magistratuum
490 1482 577 1537 munia
588 1482 614 1535 in
630 1500 659 1537 se
673 1481 776 1535 trahens
794 1482 924 1551 Princeps,
940 1484 1077 1537 materiam

263 1561 413 1633 2praedandi
430 1561 591 1632 patefecerat.
627 1559 685 1613 Nec
704 1558 838 1629 quicquam
856 1559 964 1629 publicae
982 1561 1078 1616 mercis

284 1644 337 1693 tam
355 1639 443 1693 venale
461 1638 511 1692 fuit
532 1654 607 1707 quam
623 1636 802 1691 advocatorum
819 1635 940 1706 perfidia3
951 1630 1025 1692 'adeo
1046 1642 1078 1693 ut

285 1716 392 1782 Samius,
411 1714 516 1786 insignis
534 1732 611 1784 eques
631 1714 771 1779 Romanus,
793 1712 985 1785 quadringentis
1000 1734 1078 1770 num-

285 1812 381 1848 mormu
394 1793 504 1848 millibus
517 1792 604 1846 Suillio
617 1790 683 1845 datis
695 1797 722 1846 et
740 1791 843 1862 cognita
858 1791 1077 1862 prevaricatione,

262 1871 351 1928 clerro
371 1871 398 1924 in
417 1869 490 1924 domo
510 1869 564 1940 ejus
587 1868 738 1934 incubuerit.
775 1869 860 1939 Igitur
882 1869 1023 1939 incipiente
1049 1873 1077 1926 G.

286 1948 346 2002 Silio
367 1947 469 2002 consule
488 1947 626 2018 designato,
646 1947 718 2018 cujus
734 1945 766 2001 dc
780 1946 895 2017 potentia
909 1952 936 2000 et
952 1947 1036 2003 exitio
1049 1949 1078 2003 in

284 2031 397 2099 tempore
417 2025 567 2092 memoraba
584 2028 742 2097 consurgunt
756 2029 850 2096 patres,
866 2025 999 2096 legemque
1017 2027 1078 2080 Cin·
1144 2070 1146 2073 .

284 2106 349 2162 eiam
372 2104 497 2175 flagitant,
522 2122 573 2174 qua
595 2107 700 2158 cavetm
723 2103 871 2173 antiquitus,
897 2120 930 2156 ne
953 2104 1012 2173 quis
1044 2103 1077 2157 ob

259 2186 385 2240 6causam
400 2180 518 2236 orandam
532 2180 665 2251 pecuniam
679 2179 803 2234 donumve
821 2179 936 2249 accipiat,
973 2180 1078 2234 Deinde

284 2259 488 2330 obstrepentibus
512 2257 543 2312 iis
567 2257 659 2328 quibus
689 2275 719 2311 ea
747 2256 900 2311 contumelia
927 2256 1076 2326 parabatur,

284 2335 379 2391 discors
393 2337 480 2391 Suillio
494 2335 570 2390 Silius
583 2335 675 2389 acriter
686 2333 809 2398 incubuit,
818 2338 932 2387 veterum
942 2339 1077 2389 oratorum

284 2414 398 2484 exempla
417 2413 535 2478 referens,
558 2412 603 2482 qui
619 2412 712 2466 famam
729 2420 756 2466 et
772 2414 888 2481 posteros
903 2411 1009 2481 praeteria
1024 2413 1076 2467 elo

261 2491 392 2562 2quentiae
404 2491 584 2562 cogitavissent
602 2489 777 2560 pulcherrima.
813 2487 934 2558 Alioquin
951 2492 980 2542 et
996 2488 1076 2543 bona-

283 2589 340 2625 rum
358 2570 448 2624 urtium
470 2569 608 2640 principem
626 2566 733 2623 sordidis
751 2565 897 2621 ministeriis
915 2565 1023 2632 foedari3
1043 2586 1077 2621 ne

283 2648 358 2702 iidem
378 2647 478 2718 quidem
496 2647 622 2717 integram
643 2664 750 2709 manere,
770 2645 815 2699 ubi
828 2642 978 2715 magnitudo
992 2663 1076 2714 quoes-
1144 2684 1146 2699 i

261 2727 356 2780 aluum
369 2727 504 2795 spectetur.
541 2722 641 2781 Quodsi
657 2723 685 2776 in
701 2721 795 2776 nullius
811 2720 952 2776 mercedem
969 2723 1076 2792 negotia

283 2809 349 2868 eant,
373 2800 492 2872 pauciora
514 2799 585 2853 fore:
615 2817 683 2852 nuno
706 2798 858 2863 iuimicitias,
886 2799 1072 2863 accusationes,

282 2879 340 2934 odia
351 2882 377 2933 et
389 2877 492 2948 injurios
504 2875 591 2940 foveri,
604 2878 634 2928 ut
646 2875 821 2945 quomodovis
833 2874 978 2929 morborum
988 2877 1075 2945 pretia

283 2955 450 3020 medentibus,
471 2953 508 3008 sic
526 2952 575 3006 fori
594 2951 667 3006 tabes
685 2952 817 3022 pecuniam
840 2951 971 3006 advocatis
994 2952 1072 3007 ferat.
