2550 3500
406 378 601 426 ANNALIUM
618 379 664 425 Vl.
682 379 785 426 39-4a
944 378 992 427 207

201 442 229 477 A.
240 438 264 476 D.
275 439 306 484 85,
316 438 356 487 36]

139 514 141 537 r
237 492 274 541 At
298 487 431 555 Tiridates,
455 489 597 544 volentibus
620 490 732 555 Parthis,
762 487 942 560 Nicephorium
966 491 1017 543 et2

138 540 145 669 l
200 564 403 619 Anthemusiada
415 569 561 637 ceterasque
579 566 662 632 urbes,
676 586 732 637 qum
743 566 926 621 Macedonibus
938 566 994 620 sitae

141 649 145 660 '
202 642 292 695 Graeca
314 642 436 696 vocabula
459 648 591 713 usurpant,
616 644 763 714 Halumque
790 648 817 697 et
841 643 994 697 Artemitam

200 718 323 773 Parthica
338 718 437 789 oppida,
449 721 545 791 recepit
549 743 557 787 ;
576 720 732 775 certantibus
745 720 837 790 gaudio
855 720 906 791 qui,
919 722 993 774 Arta·

137 759 146 877 l
201 796 296 849 banum
322 796 428 867 Scythas
452 796 520 851 inter
540 797 661 852 eductum
681 798 714 852 ob
733 798 856 851 saevitiam
875 797 984 851 execrati

201 890 273 927 corne
285 872 405 929 'liridatis
417 873 547 944 ingenium
563 875 692 928 Romanas
710 893 756 945 per
767 879 835 929 artes
851 874 993 944 sperabant.
1072 898 1075 902 ·

200 949 344 1003 Plurimum
365 950 516 1005 adulationis
536 951 699 1006 Seleucenses
716 951 828 1016 iuduere,
845 952 934 1006 civitas
950 948 1040 1023 po42

199 1030 266 1090 tens,
289 1031 370 1097 saepta
386 1027 472 1093 muris,
495 1046 577 1099 neque
596 1029 624 1083 in
644 1028 778 1084 bmbarum
799 1033 926 1099 corrupta
948 1028 992 1083 sed

200 1103 340 1158 conditoris
360 1104 459 1159 Seleuci
474 1106 594 1161 retinens.
631 1106 749 1161 Trecenti
765 1105 855 1175 opibus
873 1110 917 1160 aut
929 1106 993 1176 sapi·

200 1181 270 1234 cutia
282 1180 374 1235 delecti
389 1184 420 1235 ut
436 1187 554 1247 senatus;
572 1200 619 1236 sua
632 1182 726 1253 populo
744 1183 790 1236 vis.
829 1183 864 1237 llt
876 1183 1017 1253 quotieus2

200 1257 337 1312 concordes
346 1263 432 1330 agunt,
442 1260 571 1329 spernitur
582 1260 705 1314 Parthus:
724 1259 769 1314 ubi
777 1259 923 1324 dissensere,
932 1260 992 1314 dum

199 1334 250 1389 sibi
261 1336 368 1407 quisque
380 1341 469 1390 contra
480 1336 582 1391 aemulos
595 1336 736 1391 subsidium
747 1342 846 1404 vocant,
859 1337 954 1391 accitus
966 1337 994 1391 in

199 1416 307 1482 partem,
325 1412 457 1467 adversum
475 1431 562 1467 omnes
580 1412 692 1468 valescit.
728 1413 761 1468 Id
772 1431 853 1483 nuper
868 1413 1016 1468 accideratt

199 1489 331 1545 Artabano
348 1496 479 1561 regnante,
497 1491 541 1561 qui
558 1490 657 1561 plebem
673 1490 824 1561 primoribus
840 1488 945 1545 tradidit
961 1510 993 1546 ex

199 1584 248 1620 suo
264 1586 326 1621 usu:
345 1586 403 1622 nam
421 1568 508 1639 populi
524 1568 657 1637 imperium
672 1568 748 1639 juxta
764 1566 914 1633 libertatem,
933 1587 993 1639 pau-

199 1661 288 1699 corum
305 1644 444 1699 dominatio
460 1645 537 1717 regiae
553 1644 653 1699 libidini
668 1644 772 1716 propior
788 1649 836 1699 cst.
872 1645 937 1699 Tum
949 1645 1017 1699 rad-4

198 1724 347 1777 ventantem
355 1721 486 1777 liridateu
494 1721 619 1778 extollunt
628 1726 839 1794 veterumrcgum
847 1722 992 1790 honoribus,

199 1803 226 1853 et
238 1817 303 1870 quos
321 1818 409 1854 recens
427 1803 489 1854 aetas
506 1800 602 1872 largius
619 1800 729 1867 iuvenit;
758 1800 834 1855 simul
853 1801 945 1871 probra
965 1802 992 1857 in

197 1877 358 1932 Artabanum
376 1875 523 1943 fundebant,
542 1881 658 1933 materna
674 1878 771 1949 origine
788 1878 934 1944 Arsaciden,
953 1897 992 1934 ω-

197 1959 256 2008 tera
279 1954 436 2026 degenerem.
471 1955 596 2010 Tiridates
620 1974 673 2010 rem
699 1955 873 2010 Seleucensem
898 1956 1014 2026 populat

197 2032 333 2102 permittit.
369 2033 435 2088 Mox
446 2033 592 2089 consultans
605 2051 713 2104 quonam
728 2032 769 2087 die
781 2033 902 2087 sollennia
918 2033 991 2102 regni

198 2113 350 2180 capesseret,
369 2109 468 2166 litteras
486 2110 605 2166 Phraatis
626 2115 654 2164 et
672 2109 801 2174 Hieronis,
823 2109 868 2179 qui
890 2108 990 2163 validis

198 2187 276 2242 simas
293 2187 457 2258 praefecturas
475 2187 630 2252 obtinebant,
649 2186 748 2257 accipit,
769 2186 871 2241 brevem
894 2204 989 2241 moram

197 2263 365 2335 precantium.
400 2265 577 2336 Placitumque
595 2263 706 2335 opperiri
722 2263 790 2318 viros
804 2262 1012 2333 praepollentes,6

134 2361 136 2366 ’
198 2347 276 2412 atque
296 2341 398 2397 interim
426 2342 567 2413 Ctesiphon
590 2341 663 2396 sedes
682 2340 781 2410 imperii
805 2340 893 2410 petita
939 2340 989 2396 Sed

197 2419 242 2474 ubi
261 2418 328 2474 diem
347 2437 381 2473 ex
399 2418 440 2475 die
458 2419 626 2491 pmlatabant‚
641 2416 729 2472 multis
748 2435 832 2472 coram
852 2425 880 2472 et
900 2437 990 2489 appro-

196 2495 317 2552 bantibus
340 2497 437 2552 Surena
460 2498 543 2569 patrio
563 2513 633 2550 more
654 2493 785 2548 Tiridaten
804 2494 899 2565 insigni
918 2495 989 2566 regio

196 2575 302 2630 cvinxit.
338 2575 378 2628 Ac
390 2574 412 2628 si
424 2575 511 2629 statim
522 2573 644 2628 interiora
655 2576 802 2643 ceterasque
813 2572 928 2627 nationes
946 2591 990 2643 pe-
997 2571 1036 2628 43

195 2652 305 2717 tirisset,
326 2669 447 2722 oppressa
467 2650 642 2706 cunctantium
663 2648 788 2703 dubitatio
807 2653 835 2704 et
854 2668 944 2704 omnes
962 2649 990 2704 in

195 2747 278 2786 unum
296 2727 435 2784 cedebant:
460 2727 594 2784 assidendo
617 2726 757 2792 castellum,
776 2727 803 2780 in
823 2726 891 2796 quod
913 2743 991 2796 pecu-

196 2807 262 2862 niam
287 2811 315 2861 et
338 2805 440 2877 pellices
458 2805 603 2860 Artabanus
621 2803 770 2868 contulerat,
790 2803 860 2875 dedit
877 2802 988 2872 spatium

196 2882 306 2938 exuendi
318 2886 400 2954 pacta.
436 2883 504 2937 Nam
520 2882 644 2936 Phraates
662 2885 689 2934 et
707 2881 796 2947 Hiero,
809 2885 835 2934 et
853 2879 875 2932 si
891 2877 935 2948 qui
947 2876 1013 2931 aliia

196 2961 324 3016 delectum
347 2959 469 3032 capiendo
492 2959 629 3014 diademati
652 2957 718 3013 diem
741 2957 811 3011 haud
833 2953 989 3010 concelebra·
