2550 3500
363 358 559 407 ANNALIUM
577 358 655 405 XIII.
673 358 776 405 21-25.
920 354 967 401 281

171 420 329 470 numm

170 470 274 525 libertis
297 472 359 542 ejus,
385 489 448 542 quos
478 470 591 526 conscios
614 468 728 534 haberet,
752 464 883 538 rmpondil
905 462 970 519 nillil

172 566 286 618 unquam
300 566 327 603 se
339 548 408 602 domi
419 548 469 602 nisi
480 552 547 603 nutu
559 551 603 601 aut
615 565 692 601 mauu
709 544 873 617 signiliedsae,
889 541 931 597 vel
946 540 970 595 si

136 668 138 689 ,
172 625 249 696 plura
273 624 468 679 demonstranda
489 629 584 691 esseut,
609 625 705 695 scripto
723 641 808 687 usum,
829 639 862 675 ue
879 629 967 674 vocem

172 702 339 757 consociaret.
375 702 483 767 Burrus,
502 702 616 773 quemvis
634 719 701 765 reus,
714 700 782 755 inter
795 697 893 770 judices
910 702 993 751 sen-4

172 780 283 833 tentiam
307 779 386 834 cinit:
416 779 571 849 exiliumque
595 778 738 833 accusatori
766 777 915 847 irrogatum,
940 776 968 829 et

172 856 269 910 tabulas
289 861 386 911 exuste
410 861 478 921 sunt,
503 855 595 927 quibus
618 855 766 911 oblitterata
781 854 863 909 erarii
879 869 958 906 monn

172 937 263 988 menta
273 933 425 989 retrahebat.
994 976 1000 984 .

209 1010 275 1065 Fine
293 1011 352 1065 anui
366 1012 443 1067 statio
457 1011 571 1067 cohortis
587 1010 697 1066 assidere
711 1009 777 1065 ludis
794 1008 870 1065 solita
883 1007 966 1062 demo
977 1007 1016 1061 24

172 1090 258 1153 vetur,
280 1105 330 1158 quo
350 1088 431 1159 major
448 1088 543 1159 species
562 1087 687 1143 libertatis
705 1092 780 1153 esset,
796 1091 877 1157 utque
893 1084 966 1140 miles

172 1164 294 1219 theatrali
305 1164 413 1219 licentius
425 1184 477 1220 uon
488 1166 629 1237 permixtus
641 1165 812 1235 incorruptior
823 1165 919 1234 ageret,
936 1171 965 1215 et

173 1242 262 1313 plebes
278 1242 350 1297 daret
366 1244 572 1315 experimentum,
592 1263 625 1299 an
641 1243 731 1299 uinctis
748 1241 895 1297 custodibus
912 1258 964 1296 mo

173 1320 284 1375 destiam
296 1321 424 1377 retineret.
460 1322 557 1377 Urbem
569 1323 686 1394 princeps
695 1318 992 1389 lustrantermponsoss

173 1396 344 1467 haruspicum,
370 1398 438 1469 quod
460 1399 532 1455 Jovis
557 1418 587 1455 ac
609 1399 734 1453 Minerva
757 1396 823 1452 edes
847 1395 880 1450 de
903 1394 963 1450 arelo

174 1478 252 1529 taotae
264 1479 343 1531 erant.

211 1551 245 1610 Q„
259 1552 373 1618 Volusio,
385 1552 416 1607 P.
429 1552 545 1624 Scipione
557 1552 710 1620 consulibus,
722 1551 802 1605 otium
814 1549 883 1614 ioris,
895 1548 962 1603 freda
970 1543 1007 1597 25

175 1627 244 1683 domi
261 1628 369 1695 lascivia,
389 1647 439 1701 qua
456 1630 527 1685 Nero
545 1630 637 1685 itinera
657 1629 727 1683 urbis
745 1631 773 1683 et
790 1626 919 1698 lupanaria
936 1624 1027 1706 et⁴85³9⁰

175 1704 329 1762 deverticula
348 1711 419 1764 vesto
440 1707 524 1764 seruili
543 1708 571 1762 in
594 1706 817 1762 dissimulationem
836 1703 877 1760 sui
896 1721 962 1759 corn·
975 1725 1019 1758 aa

175 1783 274 1854 positus
292 1785 454 1856 pererrabat3
473 1785 652 1840 comitantibus
676 1785 719 1856 qui
737 1787 854 1856 raperent
877 1781 962 1838 vendi·
981 1768 1012 1807 Μ’

175 1860 241 1914 tioni
269 1862 384 1933 exposita
407 1867 433 1917 et
457 1862 537 1918 obviis
560 1862 665 1918 vulnera
687 1861 817 1926 inferrent,
841 1859 962 1916 adversus

175 1937 276 2008 ignaros
298 1939 367 2004 adeo,
387 1943 418 1994 ut
438 1939 492 2010 ipse
512 1959 612 2012 quoque
635 1940 763 2011 exciperet
781 1939 848 1994 ictus
869 1942 895 1993 et
919 1956 963 1992 ore

175 2014 314 2085 preferret.
350 2016 457 2082 Deinde,
470 2016 515 2071 ubi
531 2017 656 2072 Curarem
672 2035 727 2072 esse
743 2017 789 2087 qui
805 2019 986 2088 grassaretur2

176 2092 314 2162 pernotuit,
336 2093 545 2164 augebanturque
560 2094 659 2166 injurie
674 2094 795 2148 adversus
810 2093 879 2147 viros
894 2091 964 2145 femi·

176 2186 272 2238 masque
295 2169 415 2240 insignes,
436 2171 592 2241 etquidem,
613 2171 735 2242 permissa
753 2169 831 2224 semel
853 2169 963 2234 licentia,

176 2244 225 2300 sub
242 2245 343 2300 nomine
361 2247 471 2302 Neronis
489 2247 565 2302 inulti
580 2248 689 2319 propriis
706 2265 765 2302 cum
781 2245 862 2318 globis
877 2245 965 2300 eadem

176 2321 335 2388 exercebunt,
355 2328 382 2378 et
401 2323 429 2379 in
451 2323 554 2380 modum
573 2324 729 2396 captivitatis
751 2342 803 2378 nox
826 2322 963 2395 ngebntur3

176 2399 312 2470 Juliusque
325 2400 465 2457 Montanus
478 2402 599 2457 senatorii
614 2401 717 2467 ordinis,
734 2400 779 2456 sed
795 2401 839 2472 qui
853 2400 965 2456 nondum

176 2476 297 2532 honorem
308 2479 470 2549 conposuisset,
484 2498 634 2552 congressus
647 2479 714 2534 forte
725 2478 893 2549 pertenebras
906 2497 964 2534 curn

177 2553 296 2626 principe,
310 2555 407 2626 quievi
419 2561 588 2614 attentantem
600 2557 692 2612 acriter
705 2555 857 2628 reppulerat,
872 2555 964 2610 deiude

179 2632 291 2703 agnitum
303 2638 426 2703 oraverat,
438 2635 510 2706 qnasi
522 2634 706 2706 exprobrdsset,
718 2634 783 2689 mori
794 2633 899 2689 adactus
914 2637 962 2688 est.

178 2707 248 2767 Nero
269 2714 362 2779 autem,
380 2713 534 2767 metuentior
554 2713 737 2783 inposterum,
757 2711 850 2766 milites
871 2709 919 2765 sibi
936 2713 985 2764 eto

178 2784 308 2857 plerusque
328 2787 480 2858 gladiatores
502 2788 675 2857 circumdedit,
693 2790 737 2860 qui
756 2788 868 2843 rixarum
890 2787 964 2841 initia

179 2861 273 2918 modica
293 2868 320 2918 et
340 2866 412 2936 quasi
432 2866 532 2937 privata
553 2867 682 2923 sinerent:
701 2867 724 2922 si
741 2885 757 2921 a
773 2866 838 2921 laesis
856 2863 963 2919 validius

180 2943 539 3007 ooemmummamboebmt
574 2941 985 3015 mmmmmmmmaebmmmmt
