<?xml version="1.0" encoding="UTF-8"?>
<!DOCTYPE html PUBLIC "-//W3C//DTD XHTML 1.0 Transitional//EN"
    "http://www.w3.org/TR/xhtml1/DTD/xhtml1-transitional.dtd">
<html xmlns="http://www.w3.org/1999/xhtml" xml:lang="en" lang="en">
 <head>
  <title>
</title>
<meta http-equiv="Content-Type" content="text/html;charset=utf-8" />
  <meta name='ocr-system' content='tesseract 3.04.00' />
  <meta name='ocr-capabilities' content='ocr_page ocr_carea ocr_par ocr_line ocrx_word'/>
</head>
<body>
  <div class='ocr_page' id='page_1' title='image "./operaomniaadfid01tacigoog_0067.png"; bbox 0 0 2550 3500; ppageno 0'>
   <div class='ocr_carea' id='block_1_1' title="bbox 231 360 1029 552">
    <p class='ocr_par' dir='ltr' id='par_1_1' title="bbox 231 360 1029 552">
     <span class='ocr_line' id='line_1_1' title="bbox 302 360 1028 436; baseline -0.014 -16"><span class='ocrx_word' id='word_1_1' title='bbox 302 431 303 434; x_wconf 16' lang='grc'>,</span> <span class='ocrx_word' id='word_1_2' title='bbox 379 427 383 436; x_wconf 49' lang='grc'>,</span> <span class='ocrx_word' id='word_1_3' title='bbox 447 363 818 414; x_wconf 79' lang='grc'>111111111111-11.</span> <span class='ocrx_word' id='word_1_4' title='bbox 996 360 1028 410; x_wconf 87' lang='lat' dir='ltr'>ar</span> 
     </span>
     <span class='ocr_line' id='line_1_2' title="bbox 231 427 1029 552; baseline -0.011 -16"><span class='ocrx_word' id='word_1_5' title='bbox 231 427 561 552; x_wconf 54' lang='grc'>1111111111111111101111</span> <span class='ocrx_word' id='word_1_6' title='bbox 569 476 731 546; x_wconf 86' lang='lat' dir='ltr'>virorumque</span> <span class='ocrx_word' id='word_1_7' title='bbox 740 473 887 546; x_wconf 77' lang='lat' dir='ltr'><strong>corporibus</strong></span> <span class='ocrx_word' id='word_1_8' title='bbox 898 471 980 538; x_wconf 89' lang='lat' dir='ltr'>litora,</span> <span class='ocrx_word' id='word_1_9' title='bbox 988 491 1029 528; x_wconf 86' lang='lat' dir='ltr'>ea-</span> 
     </span>
    </p>
   </div>
   <div class='ocr_carea' id='block_1_2' title="bbox 232 552 1076 857">
    <p class='ocr_par' dir='ltr' id='par_1_2' title="bbox 232 552 1076 857">
     <span class='ocr_line' id='line_1_3' title="bbox 232 552 1028 626; baseline -0.006 -14"><span class='ocrx_word' id='word_1_10' title='bbox 232 557 290 612; x_wconf 87' lang='lat' dir='ltr'>dem</span> <span class='ocrx_word' id='word_1_11' title='bbox 298 557 401 620; x_wconf 85' lang='lat' dir='ltr'>virtute‚</span> <span class='ocrx_word' id='word_1_12' title='bbox 412 555 468 626; x_wconf 90' lang='lat' dir='ltr'>pari</span> <span class='ocrx_word' id='word_1_13' title='bbox 479 555 582 620; x_wconf 87' lang='lat' dir='ltr'>ferocia,</span> <span class='ocrx_word' id='word_1_14' title='bbox 590 558 622 609; x_wconf 78' lang='lat' dir='ltr'>et</span> <span class='ocrx_word' id='word_1_15' title='bbox 634 554 705 609; x_wconf 88' lang='lat' dir='ltr'>velat</span> <span class='ocrx_word' id='word_1_16' title='bbox 717 554 786 608; x_wconf 92' lang='lat' dir='ltr'>aucti</span> <span class='ocrx_word' id='word_1_17' title='bbox 797 571 910 618; x_wconf 90' lang='grc'>1111110,</span> <span class='ocrx_word' id='word_1_18' title='bbox 923 552 1028 623; x_wconf 88' lang='lat' dir='ltr'>irrupis-</span> 
     </span>
     <span class='ocr_line' id='line_1_4' title="bbox 232 630 1076 701; baseline -0.007 -11"><span class='ocrx_word' id='word_1_19' title='bbox 232 637 299 690; x_wconf 91' lang='lat' dir='ltr'>sent.</span> <span class='ocrx_word' id='word_1_20' title='bbox 324 633 457 689; x_wconf 82' lang='lat' dir='ltr'>Reductus</span> <span class='ocrx_word' id='word_1_21' title='bbox 468 632 528 687; x_wconf 91' lang='lat' dir='ltr'>inde</span> <span class='ocrx_word' id='word_1_22' title='bbox 539 633 567 688; x_wconf 91' lang='lat' dir='ltr'>in</span> <span class='ocrx_word' id='word_1_23' title='bbox 578 631 684 687; x_wconf 89' lang='lat' dir='ltr'>hiberna</span> <span class='ocrx_word' id='word_1_24' title='bbox 694 631 774 696; x_wconf 89' lang='lat' dir='ltr'>miles,</span> <span class='ocrx_word' id='word_1_25' title='bbox 786 631 861 686; x_wconf 82' lang='lat' dir='ltr'>lutus</span> <span class='ocrx_word' id='word_1_26' title='bbox 873 630 949 685; x_wconf 90' lang='lat' dir='ltr'>animi</span> <span class='ocrx_word' id='word_1_27' title='bbox 960 630 1028 701; x_wconf 92' lang='lat' dir='ltr'>quod</span> <span class='ocrx_word' id='word_1_28' title='bbox 1037 631 1076 685; x_wconf 76' lang='lat'>26</span> 
     </span>
     <span class='ocr_line' id='line_1_5' title="bbox 232 707 1029 781; baseline -0.006 -14"><span class='ocrx_word' id='word_1_29' title='bbox 232 710 339 767; x_wconf 78' lang='lat' dir='ltr'>adversa</span> <span class='ocrx_word' id='word_1_30' title='bbox 350 709 427 764; x_wconf 89' lang='lat' dir='ltr'>maris</span> <span class='ocrx_word' id='word_1_31' title='bbox 439 709 599 781; x_wconf 79' lang='lat' dir='ltr'>expeditione</span> <span class='ocrx_word' id='word_1_32' title='bbox 612 726 735 780; x_wconf 86' lang='lat' dir='ltr'>prospera</span> <span class='ocrx_word' id='word_1_33' title='bbox 749 709 914 779; x_wconf 84' lang='lat' dir='ltr'>pensavisset.</span> <span class='ocrx_word' id='word_1_34' title='bbox 949 707 1029 762; x_wconf 86' lang='lat' dir='ltr'>Addi-</span> 
     </span>
     <span class='ocr_line' id='line_1_6' title="bbox 232 785 1028 857; baseline -0.003 -14"><span class='ocrx_word' id='word_1_35' title='bbox 232 787 272 843; x_wconf 94' lang='lat' dir='ltr'>dit</span> <span class='ocrx_word' id='word_1_36' title='bbox 284 787 482 842; x_wconf 87' lang='lat' dir='ltr'>munificentiam</span> <span class='ocrx_word' id='word_1_37' title='bbox 495 785 587 852; x_wconf 77' lang='lat' dir='ltr'>Cesar,</span> <span class='ocrx_word' id='word_1_38' title='bbox 598 793 721 857; x_wconf 85' lang='lat' dir='ltr'>quantum</span> <span class='ocrx_word' id='word_1_39' title='bbox 734 785 791 856; x_wconf 89' lang='lat' dir='ltr'>quis</span> <span class='ocrx_word' id='word_1_40' title='bbox 803 785 888 840; x_wconf 89' lang='lat' dir='ltr'>damni</span> <span class='ocrx_word' id='word_1_41' title='bbox 898 785 1028 857; x_wconf 79' lang='lat' dir='ltr'>professus</span> 
     </span>
    </p>
   </div>
   <div class='ocr_carea' id='block_1_3' title="bbox 217 869 1055 2119">
    <p class='ocr_par' dir='ltr' id='par_1_3' title="bbox 217 869 1055 2119">
     <span class='ocr_line' id='line_1_7' title="bbox 232 869 1054 937; baseline -0.001 -10"><span class='ocrx_word' id='word_1_42' title='bbox 232 875 296 937; x_wconf 89' lang='lat' dir='ltr'>erat,</span> <span class='ocrx_word' id='word_1_43' title='bbox 310 869 470 927; x_wconf 79' lang='lat' dir='ltr'>exsolvendo.</span> <span class='ocrx_word' id='word_1_44' title='bbox 508 871 565 926; x_wconf 89' lang='lat' dir='ltr'>Nec</span> <span class='ocrx_word' id='word_1_45' title='bbox 578 869 683 926; x_wconf 89' lang='lat' dir='ltr'>dubium</span> <span class='ocrx_word' id='word_1_46' title='bbox 694 869 835 925; x_wconf 82' lang='lat' dir='ltr'><strong>habebatur</strong></span> <span class='ocrx_word' id='word_1_47' title='bbox 846 869 930 925; x_wconf 88' lang='lat' dir='ltr'>labare</span> <span class='ocrx_word' id='word_1_48' title='bbox 942 870 1054 926; x_wconf 79' lang='lat' dir='ltr'>hostes2</span> 
     </span>
     <span class='ocr_line' id='line_1_8' title="bbox 231 947 1028 1022; baseline 0 -18"><span class='ocrx_word' id='word_1_49' title='bbox 231 949 399 1022; x_wconf 86' lang='lat' dir='ltr'>petendaeque</span> <span class='ocrx_word' id='word_1_50' title='bbox 414 947 484 1020; x_wconf 82' lang='lat' dir='ltr'><strong>pacis</strong></span> <span class='ocrx_word' id='word_1_51' title='bbox 501 947 605 1004; x_wconf 86' lang='lat' dir='ltr'>consilia</span> <span class='ocrx_word' id='word_1_52' title='bbox 620 965 727 1014; x_wconf 89' lang='lat' dir='ltr'>sumere,</span> <span class='ocrx_word' id='word_1_53' title='bbox 740 955 775 1013; x_wconf 86' lang='lat' dir='ltr'>et,</span> <span class='ocrx_word' id='word_1_54' title='bbox 788 949 811 1002; x_wconf 89' lang='lat' dir='ltr'>si</span> <span class='ocrx_word' id='word_1_55' title='bbox 824 948 939 1019; x_wconf 85' lang='lat' dir='ltr'>proxima</span> <span class='ocrx_word' id='word_1_56' title='bbox 953 956 1028 1004; x_wconf 81' lang='lat' dir='ltr'>aestas</span> 
     </span>
     <span class='ocr_line' id='line_1_9' title="bbox 232 1031 1055 1104; baseline 0.001 -16"><span class='ocrx_word' id='word_1_57' title='bbox 232 1032 393 1104; x_wconf 72' lang='lat' dir='ltr'>adjiceretur,</span> <span class='ocrx_word' id='word_1_58' title='bbox 406 1051 480 1104; x_wconf 90' lang='lat' dir='ltr'>posse</span> <span class='ocrx_word' id='word_1_59' title='bbox 492 1032 587 1088; x_wconf 90' lang='lat' dir='ltr'>bellum</span> <span class='ocrx_word' id='word_1_60' title='bbox 599 1032 702 1103; x_wconf 85' lang='lat' dir='ltr'>patrari.</span> <span class='ocrx_word' id='word_1_61' title='bbox 740 1031 791 1087; x_wconf 82' lang='lat' dir='ltr'>Sed</span> <span class='ocrx_word' id='word_1_62' title='bbox 805 1031 900 1088; x_wconf 80' lang='lat' dir='ltr'>crebris</span> <span class='ocrx_word' id='word_1_63' title='bbox 914 1033 1055 1104; x_wconf 83' lang='lat' dir='ltr'>epistolis³</span> 
     </span>
     <span class='ocr_line' id='line_1_10' title="bbox 232 1108 1027 1182; baseline -0.001 -15"><span class='ocrx_word' id='word_1_64' title='bbox 232 1110 350 1166; x_wconf 78' lang='lat' dir='ltr'>Tiberius</span> <span class='ocrx_word' id='word_1_65' title='bbox 373 1109 500 1176; x_wconf 91' lang='lat' dir='ltr'>monebat,</span> <span class='ocrx_word' id='word_1_66' title='bbox 524 1110 619 1166; x_wconf 75' lang='lat' dir='ltr'>rediret</span> <span class='ocrx_word' id='word_1_67' title='bbox 647 1109 680 1164; x_wconf 89' lang='lat' dir='ltr'>ad</span> <span class='ocrx_word' id='word_1_68' title='bbox 702 1108 832 1165; x_wconf 88' lang='lat' dir='ltr'>decretum</span> <span class='ocrx_word' id='word_1_69' title='bbox 855 1109 1027 1182; x_wconf 90' lang='lat' dir='ltr'>triumphum:</span> 
     </span>
     <span class='ocr_line' id='line_1_11' title="bbox 232 1187 1029 1259; baseline 0.003 -17"><span class='ocrx_word' id='word_1_70' title='bbox 232 1187 297 1243; x_wconf 89' lang='lat' dir='ltr'>satis</span> <span class='ocrx_word' id='word_1_71' title='bbox 318 1188 371 1259; x_wconf 84' lang='lat' dir='ltr'>jam</span> <span class='ocrx_word' id='word_1_72' title='bbox 394 1192 539 1254; x_wconf 77' lang='lat' dir='ltr'>eventuum,</span> <span class='ocrx_word' id='word_1_73' title='bbox 560 1187 622 1243; x_wconf 90' lang='lat' dir='ltr'>satis</span> <span class='ocrx_word' id='word_1_74' title='bbox 643 1205 763 1243; x_wconf 87' lang='lat' dir='ltr'>casuum:</span> <span class='ocrx_word' id='word_1_75' title='bbox 798 1206 920 1259; x_wconf 89' lang='lat' dir='ltr'>prospera</span> <span class='ocrx_word' id='word_1_76' title='bbox 941 1188 979 1244; x_wconf 90' lang='lat' dir='ltr'>illi</span> <span class='ocrx_word' id='word_1_77' title='bbox 1001 1192 1029 1244; x_wconf 91' lang='lat' dir='ltr'>et</span> 
     </span>
     <span class='ocr_line' id='line_1_12' title="bbox 231 1263 1029 1337; baseline 0.001 -17"><span class='ocrx_word' id='word_1_78' title='bbox 231 1283 327 1336; x_wconf 88' lang='lat' dir='ltr'>magna</span> <span class='ocrx_word' id='word_1_79' title='bbox 338 1264 441 1336; x_wconf 85' lang='lat' dir='ltr'>proelia:</span> <span class='ocrx_word' id='word_1_80' title='bbox 461 1284 548 1320; x_wconf 92' lang='lat' dir='ltr'>eorum</span> <span class='ocrx_word' id='word_1_81' title='bbox 561 1283 662 1336; x_wconf 90' lang='lat' dir='ltr'>quoque</span> <span class='ocrx_word' id='word_1_82' title='bbox 675 1263 832 1320; x_wconf 80' lang='lat' dir='ltr'>meminisset</span> <span class='ocrx_word' id='word_1_83' title='bbox 846 1283 902 1337; x_wconf 76' lang='lat' dir='ltr'>quae</span> <span class='ocrx_word' id='word_1_84' title='bbox 915 1266 986 1321; x_wconf 85' lang='lat' dir='ltr'>venti</span> <span class='ocrx_word' id='word_1_85' title='bbox 1002 1270 1029 1321; x_wconf 90' lang='lat' dir='ltr'>et</span> 
     </span>
     <span class='ocr_line' id='line_1_13' title="bbox 232 1341 1030 1414; baseline 0 -16"><span class='ocrx_word' id='word_1_86' title='bbox 232 1343 336 1407; x_wconf 89' lang='lat' dir='ltr'>fluetus,</span> <span class='ocrx_word' id='word_1_87' title='bbox 349 1342 420 1397; x_wconf 86' lang='lat' dir='ltr'>nulla</span> <span class='ocrx_word' id='word_1_88' title='bbox 431 1341 503 1398; x_wconf 88' lang='lat' dir='ltr'>ducis</span> <span class='ocrx_word' id='word_1_89' title='bbox 515 1342 596 1414; x_wconf 89' lang='lat' dir='ltr'>culpa,</span> <span class='ocrx_word' id='word_1_90' title='bbox 610 1342 698 1414; x_wconf 78' lang='lat' dir='ltr'>gravia</span> <span class='ocrx_word' id='word_1_91' title='bbox 712 1346 799 1397; x_wconf 89' lang='lat' dir='ltr'>tamen</span> <span class='ocrx_word' id='word_1_92' title='bbox 813 1345 840 1397; x_wconf 91' lang='lat' dir='ltr'>et</span> <span class='ocrx_word' id='word_1_93' title='bbox 856 1361 923 1397; x_wconf 77' lang='lat' dir='ltr'>saeva</span> <span class='ocrx_word' id='word_1_94' title='bbox 938 1343 1030 1398; x_wconf 87' lang='lat' dir='ltr'>damna</span> 
     </span>
     <span class='ocr_line' id='line_1_14' title="bbox 232 1417 1029 1491; baseline 0.001 -16"><span class='ocrx_word' id='word_1_95' title='bbox 232 1419 396 1476; x_wconf 76' lang='lat' dir='ltr'>intulissentr</span> <span class='ocrx_word' id='word_1_96' title='bbox 422 1419 554 1475; x_wconf 77' lang='lat' dir='ltr'>senories</span> <span class='ocrx_word' id='word_1_97' title='bbox 574 1437 590 1474; x_wconf 90' lang='lat' dir='ltr'>a</span> <span class='ocrx_word' id='word_1_98' title='bbox 608 1419 667 1474; x_wconf 85' lang='lat' dir='ltr'>divo</span> <span class='ocrx_word' id='word_1_99' title='bbox 683 1421 803 1491; x_wconf 86' lang='lat' dir='ltr'>Augusto</span> <span class='ocrx_word' id='word_1_100' title='bbox 823 1417 851 1474; x_wconf 93' lang='lat' dir='ltr'>in</span> <span class='ocrx_word' id='word_1_101' title='bbox 870 1421 1029 1476; x_wconf 77' lang='lat' dir='ltr'>Germaniam</span> 
     </span>
     <span class='ocr_line' id='line_1_15' title="bbox 233 1496 1029 1570; baseline 0 -18"><span class='ocrx_word' id='word_1_102' title='bbox 233 1497 340 1552; x_wconf 86' lang='lat' dir='ltr'>missum</span> <span class='ocrx_word' id='word_1_103' title='bbox 355 1497 429 1568; x_wconf 89' lang='lat' dir='ltr'>plura</span> <span class='ocrx_word' id='word_1_104' title='bbox 445 1497 549 1552; x_wconf 89' lang='lat' dir='ltr'>consilio</span> <span class='ocrx_word' id='word_1_105' title='bbox 566 1496 680 1568; x_wconf 80' lang='lat' dir='ltr'>quamvi</span> <span class='ocrx_word' id='word_1_106' title='bbox 696 1496 846 1568; x_wconf 82' lang='lat' dir='ltr'>perfecisse:</span> <span class='ocrx_word' id='word_1_107' title='bbox 871 1497 908 1552; x_wconf 87' lang='lat' dir='ltr'>sio</span> <span class='ocrx_word' id='word_1_108' title='bbox 924 1498 1029 1570; x_wconf 84' lang='lat' dir='ltr'>Sugam-</span> 
     </span>
     <span class='ocr_line' id='line_1_16' title="bbox 233 1581 1029 1654; baseline -0.001 -17"><span class='ocrx_word' id='word_1_109' title='bbox 233 1582 294 1638; x_wconf 87' lang='lat' dir='ltr'>bros</span> <span class='ocrx_word' id='word_1_110' title='bbox 306 1581 333 1636; x_wconf 90' lang='lat' dir='ltr'>in</span> <span class='ocrx_word' id='word_1_111' title='bbox 345 1581 497 1637; x_wconf 90' lang='lat' dir='ltr'>deditionem</span> <span class='ocrx_word' id='word_1_112' title='bbox 515 1585 640 1653; x_wconf 88' lang='lat' dir='ltr'>acceptos,</span> <span class='ocrx_word' id='word_1_113' title='bbox 658 1581 695 1636; x_wconf 90' lang='lat' dir='ltr'>sic</span> <span class='ocrx_word' id='word_1_114' title='bbox 712 1581 808 1636; x_wconf 84' lang='lat' dir='ltr'>Suevos</span> <span class='ocrx_word' id='word_1_115' title='bbox 823 1600 959 1654; x_wconf 89' lang='lat' dir='ltr'>regemque</span> <span class='ocrx_word' id='word_1_116' title='bbox 972 1583 1029 1637; x_wconf 82' lang='lat' dir='ltr'>Ma·</span> 
     </span>
     <span class='ocr_line' id='line_1_17' title="bbox 233 1658 1030 1730; baseline 0 -15"><span class='ocrx_word' id='word_1_117' title='bbox 233 1658 375 1715; x_wconf 88' lang='lat' dir='ltr'>roboduum</span> <span class='ocrx_word' id='word_1_118' title='bbox 396 1677 458 1730; x_wconf 88' lang='lat' dir='ltr'>paee</span> <span class='ocrx_word' id='word_1_119' title='bbox 476 1658 644 1714; x_wconf 88' lang='lat' dir='ltr'>obstrictum:</span> <span class='ocrx_word' id='word_1_120' title='bbox 667 1677 743 1730; x_wconf 91' lang='lat' dir='ltr'>possa</span> <span class='ocrx_word' id='word_1_121' title='bbox 760 1662 787 1714; x_wconf 90' lang='lat' dir='ltr'>et</span> <span class='ocrx_word' id='word_1_122' title='bbox 802 1658 945 1714; x_wconf 84' lang='lat' dir='ltr'>Chemsoos</span> <span class='ocrx_word' id='word_1_123' title='bbox 964 1664 1030 1716; x_wconf 89' lang='lat' dir='ltr'>oete·</span> 
     </span>
     <span class='ocr_line' id='line_1_18' title="bbox 233 1736 1030 1810; baseline 0 -17"><span class='ocrx_word' id='word_1_124' title='bbox 233 1753 326 1809; x_wconf 82' lang='lat' dir='ltr'>rosque</span> <span class='ocrx_word' id='word_1_125' title='bbox 337 1736 468 1793; x_wconf 88' lang='lat' dir='ltr'>rebellium</span> <span class='ocrx_word' id='word_1_126' title='bbox 480 1741 578 1810; x_wconf 72' lang='lat' dir='ltr'>gentes</span> <span class='ocrx_word' id='word_1_127' title='bbox 592 1737 711 1809; x_wconf 89' lang='lat' dir='ltr'>quoniam</span> <span class='ocrx_word' id='word_1_128' title='bbox 722 1736 847 1792; x_wconf 80' lang='lat' dir='ltr'>Romanae</span> <span class='ocrx_word' id='word_1_129' title='bbox 863 1736 956 1793; x_wconf 89' lang='lat' dir='ltr'>ultioni</span> <span class='ocrx_word' id='word_1_130' title='bbox 972 1757 1030 1795; x_wconf 87' lang='lat' dir='ltr'>oon·</span> 
     </span>
     <span class='ocr_line' id='line_1_19' title="bbox 234 1813 1054 1886; baseline 0.007 -17"><span class='ocrx_word' id='word_1_131' title='bbox 234 1814 332 1870; x_wconf 84' lang='lat' dir='ltr'>sultam</span> <span class='ocrx_word' id='word_1_132' title='bbox 355 1819 431 1881; x_wconf 89' lang='lat' dir='ltr'>esset,</span> <span class='ocrx_word' id='word_1_133' title='bbox 455 1815 562 1871; x_wconf 90' lang='lat' dir='ltr'>internis</span> <span class='ocrx_word' id='word_1_134' title='bbox 587 1814 719 1870; x_wconf 86' lang='lat' dir='ltr'>discordiis</span> <span class='ocrx_word' id='word_1_135' title='bbox 742 1813 860 1886; x_wconf 88' lang='lat' dir='ltr'>relinqui.</span> <span class='ocrx_word' id='word_1_136' title='bbox 904 1816 1054 1876; x_wconf 74' lang='lat' dir='ltr'>Pracantes</span> 
     </span>
     <span class='ocr_line' id='line_1_20' title="bbox 235 1891 1030 1963; baseline 0.001 -16"><span class='ocrx_word' id='word_1_137' title='bbox 235 1892 385 1947; x_wconf 85' lang='lat' dir='ltr'>Germanico</span> <span class='ocrx_word' id='word_1_138' title='bbox 401 1910 495 1947; x_wconf 88' lang='lat' dir='ltr'>annum</span> <span class='ocrx_word' id='word_1_139' title='bbox 511 1891 648 1947; x_wconf 87' lang='lat' dir='ltr'>efficiendis</span> <span class='ocrx_word' id='word_1_140' title='bbox 665 1892 762 1963; x_wconf 77' lang='lat' dir='ltr'>creptis,</span> <span class='ocrx_word' id='word_1_141' title='bbox 781 1893 864 1948; x_wconf 90' lang='lat' dir='ltr'>acrius</span> <span class='ocrx_word' id='word_1_142' title='bbox 879 1893 1030 1949; x_wconf 89' lang='lat' dir='ltr'>modestiam</span> 
     </span>
     <span class='ocr_line' id='line_1_21' title="bbox 217 1968 1030 2042; baseline 0.002 -18"><span class='ocrx_word' id='word_1_143' title='bbox 217 1968 291 2041; x_wconf 83' lang='lat' dir='ltr'>‘ejus</span> <span class='ocrx_word' id='word_1_144' title='bbox 304 1968 453 2041; x_wconf 73' lang='lat' dir='ltr'>aggreditur</span> <span class='ocrx_word' id='word_1_145' title='bbox 462 1970 569 2025; x_wconf 86' lang='lat' dir='ltr'>alterum</span> <span class='ocrx_word' id='word_1_146' title='bbox 579 1969 737 2025; x_wconf 90' lang='lat' dir='ltr'>consulatum</span> <span class='ocrx_word' id='word_1_147' title='bbox 747 1970 882 2037; x_wconf 85' lang='lat' dir='ltr'>offerendo,</span> <span class='ocrx_word' id='word_1_148' title='bbox 891 1971 964 2042; x_wconf 89' lang='lat' dir='ltr'>cujus</span> <span class='ocrx_word' id='word_1_149' title='bbox 975 1990 1030 2026; x_wconf 92' lang='lat' dir='ltr'>mu·</span> 
     </span>
     <span class='ocr_line' id='line_1_22' title="bbox 233 2047 1052 2119; baseline 0.005 -16"><span class='ocrx_word' id='word_1_150' title='bbox 233 2048 278 2103; x_wconf 87' lang='lat' dir='ltr'>nia</span> <span class='ocrx_word' id='word_1_151' title='bbox 301 2066 412 2119; x_wconf 77' lang='lat' dir='ltr'>praesens</span> <span class='ocrx_word' id='word_1_152' title='bbox 436 2047 527 2103; x_wconf 87' lang='lat' dir='ltr'>obiret.</span> <span class='ocrx_word' id='word_1_153' title='bbox 564 2047 646 2103; x_wconf 81' lang='lat' dir='ltr'>Simul</span> <span class='ocrx_word' id='word_1_154' title='bbox 670 2047 829 2114; x_wconf 83' lang='grc'>1111111111,</span> <span class='ocrx_word' id='word_1_155' title='bbox 851 2048 874 2103; x_wconf 84' lang='grc'>11</span> <span class='ocrx_word' id='word_1_156' title='bbox 895 2048 963 2103; x_wconf 86' lang='lat' dir='ltr'>foret</span> <span class='ocrx_word' id='word_1_157' title='bbox 986 2048 1052 2108; x_wconf 81' lang='grc'>111-5</span> 
     </span>
    </p>
   </div>
   <div class='ocr_carea' id='block_1_4' title="bbox 233 2124 1030 2353">
    <p class='ocr_par' dir='ltr' id='par_1_4' title="bbox 233 2124 1030 2353">
     <span class='ocr_line' id='line_1_23' title="bbox 234 2124 1029 2199; baseline 0.004 -20"><span class='ocrx_word' id='word_1_158' title='bbox 234 2124 286 2179; x_wconf 90' lang='lat' dir='ltr'>huc</span> <span class='ocrx_word' id='word_1_159' title='bbox 297 2124 450 2191; x_wconf 88' lang='lat' dir='ltr'>bellandum,</span> <span class='ocrx_word' id='word_1_160' title='bbox 463 2124 618 2196; x_wconf 89' lang='lat' dir='ltr'>relinqueret</span> <span class='ocrx_word' id='word_1_161' title='bbox 629 2125 760 2181; x_wconf 86' lang='lat' dir='ltr'>materiem</span> <span class='ocrx_word' id='word_1_162' title='bbox 773 2126 854 2181; x_wconf 89' lang='lat' dir='ltr'>Drusi</span> <span class='ocrx_word' id='word_1_163' title='bbox 873 2126 961 2181; x_wconf 82' lang='lat' dir='ltr'>fratris</span> <span class='ocrx_word' id='word_1_164' title='bbox 977 2128 1029 2199; x_wconf 87' lang='lat' dir='ltr'>glo·</span> 
     </span>
     <span class='ocr_line' id='line_1_24' title="bbox 233 2202 1029 2273; baseline 0.001 -16"><span class='ocrx_word' id='word_1_165' title='bbox 233 2202 286 2267; x_wconf 80' lang='lat' dir='ltr'>ria,</span> <span class='ocrx_word' id='word_1_166' title='bbox 301 2202 351 2273; x_wconf 91' lang='lat' dir='ltr'>qui,</span> <span class='ocrx_word' id='word_1_167' title='bbox 364 2202 435 2257; x_wconf 91' lang='lat' dir='ltr'>nullo</span> <span class='ocrx_word' id='word_1_168' title='bbox 449 2207 504 2257; x_wconf 90' lang='lat' dir='ltr'>tum</span> <span class='ocrx_word' id='word_1_169' title='bbox 517 2202 566 2257; x_wconf 91' lang='lat' dir='ltr'>alio</span> <span class='ocrx_word' id='word_1_170' title='bbox 583 2202 665 2268; x_wconf 89' lang='lat' dir='ltr'>hoste,</span> <span class='ocrx_word' id='word_1_171' title='bbox 678 2202 780 2257; x_wconf 88' lang='lat' dir='ltr'>nonnisi</span> <span class='ocrx_word' id='word_1_172' title='bbox 796 2202 865 2273; x_wconf 91' lang='lat' dir='ltr'>apud</span> <span class='ocrx_word' id='word_1_173' title='bbox 882 2204 1029 2259; x_wconf 83' lang='lat' dir='ltr'>Germanias</span> 
     </span>
     <span class='ocr_line' id='line_1_25' title="bbox 234 2278 1030 2353; baseline 0.003 -19"><span class='ocrx_word' id='word_1_174' title='bbox 234 2280 338 2351; x_wconf 87' lang='lat' dir='ltr'>assequi</span> <span class='ocrx_word' id='word_1_175' title='bbox 346 2297 439 2334; x_wconf 90' lang='lat' dir='ltr'>nomen</span> <span class='ocrx_word' id='word_1_176' title='bbox 450 2278 642 2351; x_wconf 89' lang='lat' dir='ltr'>imperatorium</span> <span class='ocrx_word' id='word_1_177' title='bbox 654 2283 681 2334; x_wconf 92' lang='lat' dir='ltr'>et</span> <span class='ocrx_word' id='word_1_178' title='bbox 693 2278 826 2351; x_wconf 89' lang='lat' dir='ltr'>deportare</span> <span class='ocrx_word' id='word_1_179' title='bbox 845 2280 957 2335; x_wconf 90' lang='lat' dir='ltr'>lauream</span> <span class='ocrx_word' id='word_1_180' title='bbox 972 2299 1030 2353; x_wconf 91' lang='lat' dir='ltr'>pos·</span> 
     </span>
    </p>
   </div>
   <div class='ocr_carea' id='block_1_5' title="bbox 233 2356 1075 3049">
    <p class='ocr_par' dir='ltr' id='par_1_5' title="bbox 233 2356 1055 2583">
     <span class='ocr_line' id='line_1_26' title="bbox 234 2356 1055 2430; baseline 0.002 -19"><span class='ocrx_word' id='word_1_181' title='bbox 234 2360 284 2411; x_wconf 87' lang='lat' dir='ltr'>set.</span> <span class='ocrx_word' id='word_1_182' title='bbox 320 2356 400 2411; x_wconf 89' lang='lat' dir='ltr'>Haud</span> <span class='ocrx_word' id='word_1_183' title='bbox 412 2361 547 2413; x_wconf 84' lang='grc'>1111111111</span> <span class='ocrx_word' id='word_1_184' title='bbox 560 2360 600 2411; x_wconf 89' lang='grc'>111</span> <span class='ocrx_word' id='word_1_185' title='bbox 616 2356 686 2411; x_wconf 88' lang='lat' dir='ltr'>ultra</span> <span class='ocrx_word' id='word_1_186' title='bbox 697 2357 872 2423; x_wconf 70' lang='lat' dir='ltr'>Gemmeus,</span> <span class='ocrx_word' id='word_1_187' title='bbox 886 2374 1055 2430; x_wconf 74' lang='lat' dir='ltr'>quanquamss</span> 
     </span>
     <span class='ocr_line' id='line_1_27' title="bbox 233 2433 1027 2507; baseline 0.004 -18"><span class='ocrx_word' id='word_1_188' title='bbox 233 2433 298 2505; x_wconf 85' lang='lat' dir='ltr'>fingi</span> <span class='ocrx_word' id='word_1_189' title='bbox 310 2450 347 2499; x_wconf 82' lang='grc'>11,</span> <span class='ocrx_word' id='word_1_190' title='bbox 360 2452 439 2506; x_wconf 88' lang='lat' dir='ltr'>seque</span> <span class='ocrx_word' id='word_1_191' title='bbox 454 2454 501 2507; x_wconf 89' lang='lat' dir='ltr'>per</span> <span class='ocrx_word' id='word_1_192' title='bbox 512 2434 631 2490; x_wconf 85' lang='lat' dir='ltr'>iuvidiam</span> <span class='ocrx_word' id='word_1_193' title='bbox 650 2438 726 2505; x_wconf 89' lang='lat' dir='ltr'>parto</span> <span class='ocrx_word' id='word_1_194' title='bbox 739 2433 793 2506; x_wconf 86' lang='lat' dir='ltr'>jam</span> <span class='ocrx_word' id='word_1_195' title='bbox 806 2434 891 2491; x_wconf 91' lang='lat' dir='ltr'>decori</span> <span class='ocrx_word' id='word_1_196' title='bbox 907 2436 1027 2503; x_wconf 79' lang='lat' dir='ltr'>abstrahi,</span> 
     </span>
     <span class='ocr_line' id='line_1_28' title="bbox 233 2510 397 2583; baseline -0.006 -16"><span class='ocrx_word' id='word_1_197' title='bbox 233 2510 397 2583; x_wconf 86' lang='lat' dir='ltr'>intelligeret.</span> 
     </span>
    </p>

    <p class='ocr_par' dir='ltr' id='par_1_6' title="bbox 233 2587 1075 3049">
     <span class='ocr_line' id='line_1_29' title="bbox 270 2587 1075 2661; baseline 0.007 -19"><span class='ocrx_word' id='word_1_198' title='bbox 270 2588 324 2643; x_wconf 84' lang='lat' dir='ltr'>Sub</span> <span class='ocrx_word' id='word_1_199' title='bbox 340 2587 408 2643; x_wconf 90' lang='lat' dir='ltr'>idem</span> <span class='ocrx_word' id='word_1_200' title='bbox 424 2590 526 2661; x_wconf 89' lang='lat' dir='ltr'>tempus</span> <span class='ocrx_word' id='word_1_201' title='bbox 545 2608 559 2645; x_wconf 92' lang='lat' dir='ltr'>e</span> <span class='ocrx_word' id='word_1_202' title='bbox 576 2588 672 2645; x_wconf 80' lang='lat' dir='ltr'>familia</span> <span class='ocrx_word' id='word_1_203' title='bbox 684 2588 872 2645; x_wconf 82' lang='lat' dir='ltr'>Scriboniorum</span> <span class='ocrx_word' id='word_1_204' title='bbox 883 2590 950 2647; x_wconf 86' lang='lat' dir='ltr'>Libo</span> <span class='ocrx_word' id='word_1_205' title='bbox 961 2590 1029 2646; x_wconf 89' lang='lat' dir='ltr'>Dru·</span> <span class='ocrx_word' id='word_1_206' title='bbox 1037 2593 1075 2655; x_wconf 84' lang='grc'>27</span> 
     </span>
     <span class='ocr_line' id='line_1_30' title="bbox 234 2664 1027 2740; baseline 0.006 -21"><span class='ocrx_word' id='word_1_207' title='bbox 234 2682 279 2720; x_wconf 90' lang='lat' dir='ltr'>sus</span> <span class='ocrx_word' id='word_1_208' title='bbox 299 2664 414 2720; x_wconf 83' lang='lat' dir='ltr'>defertur</span> <span class='ocrx_word' id='word_1_209' title='bbox 432 2666 515 2721; x_wconf 84' lang='lat' dir='ltr'>moliri</span> <span class='ocrx_word' id='word_1_210' title='bbox 533 2686 575 2721; x_wconf 87' lang='lat' dir='ltr'>res</span> <span class='ocrx_word' id='word_1_211' title='bbox 595 2685 683 2722; x_wconf 84' lang='lat' dir='ltr'>nouas.</span> <span class='ocrx_word' id='word_1_212' title='bbox 719 2667 784 2739; x_wconf 80' lang='lat' dir='ltr'>Ejus</span> <span class='ocrx_word' id='word_1_213' title='bbox 803 2668 901 2740; x_wconf 86' lang='lat' dir='ltr'>negotii</span> <span class='ocrx_word' id='word_1_214' title='bbox 919 2669 1027 2734; x_wconf 90' lang='lat' dir='ltr'>initium,</span> 
     </span>
     <span class='ocr_line' id='line_1_31' title="bbox 234 2742 1029 2817; baseline 0.003 -20"><span class='ocrx_word' id='word_1_215' title='bbox 234 2743 358 2809; x_wconf 87' lang='lat' dir='ltr'>ordinem,</span> <span class='ocrx_word' id='word_1_216' title='bbox 379 2742 455 2798; x_wconf 83' lang='lat' dir='ltr'>finem</span> <span class='ocrx_word' id='word_1_217' title='bbox 476 2746 590 2800; x_wconf 85' lang='lat' dir='ltr'>curatius</span> <span class='ocrx_word' id='word_1_218' title='bbox 611 2744 740 2811; x_wconf 90' lang='lat' dir='ltr'>disseram,</span> <span class='ocrx_word' id='word_1_219' title='bbox 763 2746 823 2817; x_wconf 90' lang='lat' dir='ltr'>quia</span> <span class='ocrx_word' id='word_1_220' title='bbox 842 2751 899 2799; x_wconf 90' lang='lat' dir='ltr'>tum</span> <span class='ocrx_word' id='word_1_221' title='bbox 920 2747 1029 2817; x_wconf 91' lang='lat' dir='ltr'>primum</span> 
     </span>
     <span class='ocr_line' id='line_1_32' title="bbox 234 2818 1028 2893; baseline 0.003 -18"><span class='ocrx_word' id='word_1_222' title='bbox 234 2824 337 2893; x_wconf 84' lang='lat' dir='ltr'>reperta</span> <span class='ocrx_word' id='word_1_223' title='bbox 348 2823 409 2875; x_wconf 88' lang='lat' dir='ltr'>sunt</span> <span class='ocrx_word' id='word_1_224' title='bbox 422 2838 478 2892; x_wconf 89' lang='lat' dir='ltr'>quae</span> <span class='ocrx_word' id='word_1_225' title='bbox 488 2840 535 2892; x_wconf 88' lang='lat' dir='ltr'>per</span> <span class='ocrx_word' id='word_1_226' title='bbox 546 2826 586 2879; x_wconf 91' lang='lat' dir='ltr'>tot</span> <span class='ocrx_word' id='word_1_227' title='bbox 605 2842 684 2878; x_wconf 92' lang='lat' dir='ltr'>annos</span> <span class='ocrx_word' id='word_1_228' title='bbox 701 2818 756 2879; x_wconf 76' lang='lat' dir='ltr'>r&#39;em</span> <span class='ocrx_word' id='word_1_229' title='bbox 770 2822 897 2893; x_wconf 89' lang='lat' dir='ltr'>publicam</span> <span class='ocrx_word' id='word_1_230' title='bbox 914 2822 1028 2877; x_wconf 80' lang='lat' dir='ltr'>exedere.</span> 
     </span>
     <span class='ocr_line' id='line_1_33' title="bbox 235 2896 1054 2969; baseline 0.001 -17"><span class='ocrx_word' id='word_1_231' title='bbox 235 2896 346 2953; x_wconf 75' lang='lat' dir='ltr'>Firmius</span> <span class='ocrx_word' id='word_1_232' title='bbox 371 2898 452 2953; x_wconf 81' lang='lat' dir='ltr'>Catus</span> <span class='ocrx_word' id='word_1_233' title='bbox 477 2904 586 2969; x_wconf 89' lang='lat' dir='ltr'>senator,</span> <span class='ocrx_word' id='word_1_234' title='bbox 610 2920 643 2956; x_wconf 84' lang='grc'>111</span> <span class='ocrx_word' id='word_1_235' title='bbox 666 2901 756 2955; x_wconf 89' lang='lat' dir='ltr'>intima</span> <span class='ocrx_word' id='word_1_236' title='bbox 779 2900 885 2955; x_wconf 83' lang='lat' dir='ltr'>Libonis</span> <span class='ocrx_word' id='word_1_237' title='bbox 909 2899 1054 2963; x_wconf 70' lang='lat' dir='ltr'>amicitias</span> 
     </span>
     <span class='ocr_line' id='line_1_34' title="bbox 233 2974 1028 3049; baseline -0.001 -19"><span class='ocrx_word' id='word_1_238' title='bbox 233 2974 354 3045; x_wconf 84' lang='lat' dir='ltr'>juvenem</span> <span class='ocrx_word' id='word_1_239' title='bbox 377 2975 546 3049; x_wconf 85' lang='lat' dir='ltr'>improvidum</span> <span class='ocrx_word' id='word_1_240' title='bbox 571 2984 597 3033; x_wconf 90' lang='lat' dir='ltr'>et</span> <span class='ocrx_word' id='word_1_241' title='bbox 625 2978 725 3033; x_wconf 89' lang='lat' dir='ltr'>facilem</span> <span class='ocrx_word' id='word_1_242' title='bbox 748 2977 873 3041; x_wconf 90' lang='lat' dir='ltr'>inanibus,</span> <span class='ocrx_word' id='word_1_243' title='bbox 898 2976 929 3030; x_wconf 92' lang='lat' dir='ltr'>ad</span> <span class='ocrx_word' id='word_1_244' title='bbox 954 2975 1028 3029; x_wconf 85' lang='lat' dir='ltr'>Chal-</span> 
     </span>
    </p>
   </div>
   <div class='ocr_carea' id='block_1_6' title="bbox 0 0 1286 3500">
    <p class='ocr_par' dir='ltr' id='par_1_7' title="bbox 0 0 1286 3500">
     <span class='ocr_line' id='line_1_35' title="bbox 0 0 1286 3500; baseline 0 0"><span class='ocrx_word' id='word_1_245' title='bbox 0 0 1286 3500; x_wconf 95' lang='lat' dir='ltr'> </span> 
     </span>
    </p>
   </div>
  </div>
 </body>
</html>
