2550 3500
194 471 210 508 A
227 469 244 508 D
259 469 300 518 16]
406 406 600 455 ANNALIUM
618 407 653 456 11.
667 409 769 456 35-38.
943 406 976 458 67

192 537 317 573 numerum
331 520 357 572 et
376 518 508 588 pueritiam
523 517 622 584 videtis,
638 537 690 573 non
705 521 795 590 sponte
811 517 911 584 sustuli,
929 518 975 574 sed

192 597 249 667 quia
264 596 381 666 princeps
399 595 532 662 monebat3
551 597 626 650 simul
642 597 748 667 majores
766 596 816 649 mei
831 601 975 652 meruerant

191 677 220 726 ut
240 677 353 742 posteros
374 672 503 726 haberent.
540 673 607 726 Nam
628 691 683 744 ego,
704 672 748 742 qui
765 691 817 726 non
836 673 996 743 pecuniama

190 767 241 803 non
259 748 343 803 studia
363 748 450 818 populi
470 767 551 818 neque
572 749 748 819 eloquentiam,
770 749 865 820 gentile
885 749 974 804 domus

190 830 281 881 nostrae
304 825 406 891 bonum,
428 825 550 880 varietate
573 830 716 898 temporum
737 827 849 897 accipere
872 827 912 881 vel
931 845 975 898 pa·

190 921 245 958 rare
262 903 407 974 potuissem,
425 902 487 956 satis
505 902 626 956 habebam
645 903 667 957 si
683 907 773 957 tenues
790 923 832 958 res
849 923 911 959 meae
926 923 974 958 nec

190 980 251 1034 mihi
272 979 370 1050 pudori,
395 997 442 1033 nee
465 979 582 1050 cuiquam
605 980 676 1034 oneri
698 980 790 1035 forent.
826 981 918 1035 Jussus
942 981 996 1035 abd

190 1057 339 1128 imperatore
356 1073 461 1110 uxorem
479 1056 548 1112 duxi.
584 1057 625 1110 En
643 1057 720 1127 stirps
738 1061 765 1112 et
781 1057 915 1129 progenies
933 1061 974 1112 tot

190 1133 327 1197 consulum,
344 1135 385 1187 tot
403 1132 569 1188 dictatorum!
598 1133 656 1188 Nec
672 1134 705 1187 ad
719 1134 838 1188 invidiam
855 1135 912 1199 ista,
930 1134 976 1189 sed

189 1209 349 1265 concilianda
360 1209 536 1264 misericordiae
548 1209 638 1264 refero.
674 1212 850 1281 Assequentur
866 1212 996 1272 florente?

188 1291 222 1353 te,
238 1287 328 1352 Caesar,
342 1305 406 1356 quos
422 1286 519 1342 dederis
535 1287 658 1342 honores:
677 1287 778 1342 interim
794 1288 828 1347 Q.
841 1288 976 1343 Hortensii

188 1367 348 1435 pronepotes,
373 1363 425 1418 divi
450 1364 561 1434 Augusti
585 1363 699 1418 alumnos
723 1363 755 1418 ab
782 1364 867 1435 inopis
889 1364 975 1431 defen-

189 1441 229 1496 de.
235 1439 251 1466 ’'
286 1441 422 1496 Inclinatio
434 1445 536 1496 senatus
548 1441 740 1495 incitamentum
751 1441 851 1496 Tiberio
863 1441 913 1496 fnit
923 1460 974 1512 quo
982 1448 1019 1502 38

189 1518 332 1590 promptius
351 1517 533 1582 adversaretur,
552 1517 592 1572 his
609 1517 688 1572 ferme
705 1517 789 1572 verbis
809 1518 997 1572 usum-“Sia

189 1599 313 1666 quantum
324 1613 463 1666 pauperum
475 1597 515 1649 est
527 1594 612 1648 venire
624 1593 674 1648 huo
685 1597 712 1648 et
723 1593 809 1648 liberis
821 1594 874 1649 suis
889 1598 976 1666 petere

187 1671 308 1743 pecunias
324 1673 452 1743 ooeperint,
466 1671 559 1743 singuli
570 1689 706 1742 numquam
723 1671 922 1736 exsatiabnntur,
934 1690 976 1726 res

188 1750 290 1821 publica
301 1750 408 1805 deficiet.
445 1750 501 1805 Nec
514 1768 573 1803 sane
584 1749 642 1804 ideo
654 1767 670 1803 a
680 1748 817 1820 majoribus
831 1764 998 1809 concessuma

187 1831 229 1882 est
247 1827 334 1899 egredi
352 1827 485 1898 aliquando
502 1827 649 1882 relationem
666 1832 701 1893 et,
718 1826 786 1898 quod
801 1827 829 1881 in
845 1845 977 1883 commune

187 1904 322 1969 conducat,
341 1904 396 1959 loco
415 1905 547 1959 sententiaa
567 1906 738 1975 proferrent
757 1904 857 1975 privata
875 1905 979 1975 negotia

187 1986 215 2036 et
236 2000 278 2036 res
298 1982 434 2037 familiares
454 1986 554 2036 nostras
574 1981 616 2037 hic
636 2000 781 2053 augeamus,
803 2000 861 2037 eum
883 1981 979 2037 invidia

187 2062 295 2113 senatus
311 2062 338 2113 et
354 2058 503 2129 principum,
515 2059 568 2113 sive
584 2058 734 2113 indulserint
750 2058 909 2129 largitionem
925 2057 978 2113 sive

186 2136 334 2190 abnuerint.
370 2136 431 2191 Non
449 2135 515 2190 enim
533 2152 620 2206 preces
638 2139 699 2190 sunt
714 2135 792 2200 istud,
805 2134 850 2190 sed
861 2136 1001 2207 efflagita-4

184 2212 235 2277 tio,
246 2212 426 2283 intempestiva
434 2211 535 2283 quidem
547 2215 574 2266 et
585 2212 720 2282 inprovisa,
730 2230 788 2266 cum
797 2212 851 2266 aliis
864 2211 895 2266 de
903 2211 979 2267 rebus

185 2288 354 2344 convenerint
370 2293 463 2361 patres,
476 2306 628 2359 consurgere
645 2291 671 2343 et
688 2306 793 2343 numero
811 2292 887 2359 atque
903 2294 979 2344 atate

184 2365 299 2421 liberum
327 2384 431 2421 suorum
453 2383 545 2437 urgere
567 2364 717 2419 modestiam
741 2369 851 2432 senatus,
875 2366 980 2421 eandem

183 2442 241 2497 vim
258 2442 287 2495 in
302 2460 342 2497 me
357 2443 537 2507 transmittere,
551 2460 581 2497 aa
595 2442 666 2497 velut
681 2442 837 2513 perfringere
854 2443 978 2510 serarium,

183 2517 259 2589 quod
278 2518 301 2572 si
318 2518 453 2574 ambitione
471 2518 669 2585 exhauserimns,
687 2537 733 2589 per
750 2520 845 2574 scelera
861 2521 978 2592 supplen-

183 2596 251 2649 dum
270 2594 327 2649 erit.
363 2595 442 2650 Dedit
459 2595 514 2661 tibi,
532 2594 649 2661 Hortale,
666 2594 740 2650 divus
755 2597 889 2668 Augustus
905 2606 1002 2669 pecu-6

181 2672 264 2737 niam,
290 2670 336 2726 sed
360 2687 412 2725 non
434 2672 598 2743 conpellatus,
623 2690 670 2727 nec
693 2690 724 2727 ea
745 2672 801 2743 lege
824 2678 854 2729 ut
881 2693 980 2746 semper

183 2749 303 2803 daretur.
340 2748 501 2819 Languescet
519 2748 611 2820 alioqui
625 2745 761 2815 industria,
778 2750 924 2806 intendetur
941 2763 1002 2810 sod

184 2827 284 2893 cordia,
298 2826 321 2882 si
332 2826 416 2881 nullus
429 2844 460 2881 ex
472 2846 499 2882 se
511 2831 594 2883 metus
607 2832 652 2881 aut
668 2846 740 2899 spes;
759 2832 785 2883 et
797 2830 880 2884 securi
893 2848 979 2883 omnes

185 2904 274 2959 aliena
284 2903 397 2959 subsidia
412 2904 602 2976 exspectabunt,
615 2904 664 2960 sibi
675 2905 767 2977 ignavi,
779 2905 852 2961 nobis
863 2906 979 2975 graves.'’

184 2982 257 3039 Haeo
277 2987 354 3055 atque
374 2983 443 3051 talis,
468 3002 619 3055 quamquam
641 3002 698 3039 cum
718 3003 823 3039 assensu
842 2984 929 3039 audita
948 2983 1002 3043 abr
