2550 3500
300 394 347 440 306
629 390 747 438 TACITI

919 452 953 499 [Δ.
963 451 992 490 U.
1000 451 1023 490 0.
1033 448 1078 491 812

296 502 417 572 populum
439 502 592 573 persederet,
614 502 773 573 naufragium
796 504 822 556 et
840 500 931 556 vulnus
954 505 981 555 et
999 500 1078 554 inter-

294 578 375 633 iectos
391 578 482 634 amicos
500 578 646 649 objiciendo,
661 578 728 650 quod
745 581 833 633 contre
849 577 988 633 subsidium
1005 576 1076 632 sibit

293 654 343 709 nisi
362 655 423 725 quid
440 655 538 709 Burrus
556 659 583 709 et
602 656 698 710 Seneca
716 654 878 726 expedirent;
905 672 968 724 quos
988 653 1078 708 stetim

271 731 431 796 eeceiverat,
437 731 561 792 incertum
576 750 609 786 an
620 738 647 787 et
663 736 721 786 aute
732 732 841 803 ignaros.
876 730 962 802 Igitur
972 730 1079 801 longum

293 808 426 879 utriusque
435 808 569 872 silentium,
580 809 690 865 neirriti
701 808 881 872 dissuaderent,
890 826 921 861 eu
933 825 963 861 eo
975 806 1079 861 descen·

294 902 351 938 sum
368 884 502 941 credebaut
513 885 575 955 †ut,
592 885 642 940 nisi
658 885 840 955 preveniretur
856 884 1002 955 Agrippina,
1022 902 1079 953 per-

269 960 403 1015 4eundum
420 961 518 1016 Neroni
534 965 610 1016 esset.
645 961 708 1016 Post
725 962 826 1025 Seneca,
839 960 960 1015 hactenus
975 976 1077 1030 promp-

292 1037 352 1102 tius,
364 1036 420 1106 Jqut
434 1038 569 1108 respiceret
582 1038 701 1103 Burrum,
715 1056 744 1093 ec
764 1038 787 1093 si
804 1037 938 1092 sciteretur
953 1054 985 1090 un
1000 1036 1077 1090 militi

269 1113 436 1184 simperanda
447 1113 526 1169 cedes
538 1118 613 1169 esset.
648 1114 695 1169 Ille
704 1114 873 1185 praetordanos,
885 1112 935 1167 toti
947 1112 1077 1167 Gaeserum

292 1190 378 1244 domui
388 1190 523 1245 obstrictos
534 1209 706 1261 memoresque
719 1190 867 1255 Germanici,
880 1189 943 1243 nihil
954 1188 1076 1243 adversim

291 1266 436 1337 progeniem
456 1267 510 1337 ejus
530 1270 603 1322 atrox
621 1284 727 1321 ausuros
746 1265 892 1337 respoudit:
916 1268 1075 1336 perpetraret

291 1343 415 1397 Anicetus
434 1343 563 1413 promisse.
599 1344 653 1403 Qui
670 1343 734 1398 nihil
751 1346 884 1398 cunctatus
904 1341 986 1413 poscit
1006 1359 1076 1395 sum-

268 1432 357 1478 fimam
374 1419 482 1474 sceleris.
516 1420 559 1475 Ad
575 1438 630 1475 eum
647 1437 734 1475 vocem
750 1420 821 1474 Nero
837 1418 880 1475 illo
897 1418 946 1473 sibi
963 1417 1004 1473 die
1013 1412 1076 1471 ‘duri

291 1497 429 1567 imperium,
442 1500 619 1567 auctoremque
633 1496 700 1551 tenti
715 1496 825 1551 muueris
841 1494 959 1550 libertum
973 1494 1075 1564 profite-
1141 1510 1142 1537 r

290 1577 349 1627 tur:
373 1573 422 1628 iret
436 1592 548 1644 propere,
565 1573 717 1644 duceretque
730 1572 930 1643 promptissimos
948 1570 980 1625 ed
992 1570 1073 1641 jussu

268 1655 283 1708 7
291 1650 351 1721 Ipse
371 1649 457 1704 audito
475 1650 574 1705 venisse
591 1650 671 1705 missu
687 1649 833 1721 Agrippino
849 1648 968 1702 nuntium
984 1648 1074 1718 Ageri-

290 1745 358 1792 num,
378 1744 478 1782 scenam
500 1726 568 1782 ultro
585 1725 695 1782 criminis
713 1730 802 1798 perat3
827 1724 994 1798 gladiumque,
1012 1722 1074 1778 dum

289 1802 407 1857 mandute
424 1803 526 1873 perfert,
547 1804 634 1874 abjicit
654 1803 721 1858 inter
740 1802 816 1874 pedes
835 1803 897 1873 ejus,
921 1805 977 1856 tum
1000 1803 1074 1872 qussi

290 1877 444 1948 deprehenso
470 1879 552 1934 vinclo
574 1880 644 1951 injici
668 1879 749 1950 jubet,
771 1883 801 1934 ut
824 1879 930 1934 exitium
952 1878 1073 1950 principis

289 1955 401 2008 molitam
418 1958 523 2010 matrem
540 1959 567 2011 et
584 1955 680 2026 pudore
698 1957 846 2027 deprehensi
863 1955 963 2011 sceleris
981 1959 1074 2026 sponte

263 2036 395 2093 8mortem
407 2032 542 2102 sumpsisse
553 2032 715 2103 confingeret.
750 2032 857 2088 Interim
869 2032 972 2104 vulgato
980 2033 1073 2104 Agrip-

288 2109 354 2179 pinae
368 2109 486 2180 periculo,
499 2108 572 2180 quasi
585 2127 646 2164 cmu
657 2109 789 2177 evenisset,
800 2113 832 2162 ut
847 2109 953 2179 quisquc
970 2126 1073 2179 eccepe-

266 2191 336 2253 2ret,
345 2187 476 2243 decurrere
488 2187 596 2243 adlitus.
626 2187 1072 2258 Himoliumobjectus,hiproximes

288 2264 393 2334 scaphis
404 2264 540 2330 scandere3
557 2263 606 2329 alii,
621 2267 744 2333 quantum
758 2281 849 2334 corpus
862 2263 967 2328 sinebat,
980 2263 1072 2320 vadere

287 2339 315 2394 in
329 2359 415 2406 mare3
432 2341 533 2412 quidum
549 2359 637 2396 munus
653 2339 803 2410 protendere
811 2361 819 2406 ;
838 2339 976 2411 questibus,
995 2341 1071 2406 votis,

288 2416 395 2471 clamore
406 2417 505 2474 diversa
515 2417 680 2489 rogitantium
692 2419 737 2470 sut
748 2416 845 2471 incerte
855 2416 1069 2486 respondentium,

287 2493 368 2546 omnis
390 2510 435 2547 ore
457 2493 576 2564 compleri
582 2515 590 2559 ;
617 2493 717 2548 effluere
740 2493 830 2564 ingens
853 2493 989 2548 multitudo
1012 2511 1070 2550 oum
1138 2559 1139 2570 γ

286 2568 429 2633 luminibus,
447 2573 523 2638 etque
539 2569 584 2624 ubi
601 2568 749 2624 incolumem
767 2587 823 2624 esse
839 2569 976 2640 pernotuit,
993 2573 1024 2624 ut
1038 2570 1071 2626 ed

286 2643 436 2716 mutandum
464 2663 520 2699 sese
546 2645 671 2716 expedire,
696 2645 776 2702 donec
805 2653 909 2717 aspectu
931 2646 1021 2701 urmsti
1043 2649 1069 2702 et

202 2788 205 2792 Ι
263 2720 424 2780 amiuitentis
439 2720 546 2791 agminis
563 2720 664 2792 disjecti
678 2726 747 2777 sunt.
782 2722 905 2778 Anicetus
920 2722 1004 2778 villum
1019 2727 1070 2778 stu-

284 2797 354 2851 tioue
379 2796 525 2861 circumdet,
552 2797 710 2868 retractoque
730 2799 808 2870 janus
830 2798 917 2854 obvios
940 2816 1069 2854 servorum
1137 2815 1138 2842 ³

285 2873 380 2943 orripit,
393 2872 472 2928 donec
483 2872 593 2928 adfores
611 2873 721 2929 cubiculi
732 2877 845 2942 veniret;
863 2876 905 2934 cui
916 2875 989 2947 pauci
1003 2879 1068 2930 este

260 2947 353 3015 chent,
362 2949 453 3004 ceteris
464 2953 561 3004 terrore
571 2949 765 3020 irrumpentium
773 2952 908 3008 exterritis.
945 2949 1067 3006 cubiculo
