2550 3500
288 322 336 368 200
619 318 738 366 ΤΑοΙΤΙ

866 380 1081 428 [ananau-rae.
1140 351 1142 442 l

287 430 476 501 Corneliusque,
492 430 591 496 perdito
610 430 817 494 Scauroiamosi,
834 430 894 499 quia
911 432 1048 499 pecuniam
1066 449 1084 483 a

286 508 364 563 Vario
376 508 472 577 Ligure
488 505 634 561 omittendae
651 507 783 562 delationis
799 514 925 577 ceperant,
941 508 968 561 in
979 508 1083 561 insulas

263 584 420 649 2interdicto
437 584 492 655 igni
509 587 585 653 atque
604 602 670 655 aqua
687 584 782 639 demoti
799 588 867 637 sunt.
903 584 939 637 Et
957 583 1082 638 Abudius

285 662 358 716 Ruso
370 662 473 715 functus
486 660 613 727 aedilitate,
621 660 682 715 dnm
693 660 950 726 LentuloGaetulieo,
964 661 1012 715 sub
1026 680 1083 731 quo

284 738 378 809 legioni
401 737 543 809 praefuerat,
562 738 702 809 periculum
722 738 832 803 facessit,
855 738 965 808 quodis
990 738 1083 809 Sejani

284 816 363 869 filiurn
376 832 497 887 generum
516 814 676 880 destinasset,
689 815 758 870 ultro
774 814 908 869 damnatur
923 819 1000 885 atque
1011 815 1082 870 urbe

263 894 402 965 aengien.
440 891 922 963 Gaetulicuseatempestatesuperioris
935 892 1081 947 Germania

284 970 395 1043 legiones
408 969 519 1037 curabat,
531 969 673 1041 mirumque
685 987 792 1023 amorem
806 974 939 1024 assecutam
950 974 1022 1035 erat;
1042 970 1081 1024 ei-

284 1047 347 1103 fusae
360 1047 505 1113 clementia,
518 1045 631 1101 modicus
654 1046 796 1111 severitate,
809 1049 836 1100 et
848 1047 962 1117 proximo
975 1065 1080 1117 quoque

262 1124 407 1182 nexereitui
415 1143 461 1196 per
469 1124 501 1179 L.
510 1124 651 1195 Apronium
663 1141 778 1178 socerum
785 1142 837 1177 non
844 1124 968 1195 ingratus.
998 1124 1080 1179 Unde

284 1202 352 1256 fama
369 1206 486 1257 constans
501 1220 591 1255 ausum
608 1200 711 1255 mittere
728 1200 761 1255 ad
778 1201 903 1255 Oaesarem
919 1201 1027 1269 litteras,
1040 1202 1080 1255 af·

284 1279 408 1334 finitatem
429 1278 478 1335 sibi
500 1298 558 1334 eum
583 1278 674 1349 Sejano
696 1277 765 1332 haud
788 1282 879 1349 sponte
902 1277 948 1332 sed
971 1279 1079 1333 consilio

285 1356 507 1429 Tiberiiooeptam3
525 1354 629 1428 perinde
638 1374 666 1409 se
674 1374 748 1426 quam
756 1356 885 1410 'liherium
891 1356 945 1409 falli
952 1356 1076 1426 potuisse,

284 1452 366 1505 neque
390 1452 500 1489 errorem
523 1432 631 1488 eundem
654 1432 691 1486 illi
715 1433 770 1487 sine
792 1432 889 1495 imude,
915 1432 970 1487 aliis
994 1434 1077 1488 exitio

261 1510 433 1567 §habendum
477 1510 530 1566 Sibi
550 1510 625 1565 fidem
645 1510 769 1581 integram
788 1514 822 1575 et,
842 1510 865 1565 si
881 1510 958 1565 nullis
976 1510 1076 1565 insidiis

173 1604 178 1619 ·
284 1593 422 1659 peteretur,
435 1604 589 1643 mansuram:
608 1605 778 1642 successorem
797 1606 849 1641 non
864 1586 939 1641 aliter
950 1606 1026 1658 quam
1039 1588 1078 1643 iu·

262 1665 377 1720 6dieium
400 1666 489 1721 mortis
511 1668 681 1735 accepturum.
723 1664 866 1719 Firmarent
888 1665 960 1719 velut
982 1664 1075 1731 ioedus,

284 1761 334 1813 quo
350 1742 466 1814 princeps
484 1744 625 1798 ceterarum
642 1761 727 1797 rerum
744 1745 884 1814 poteretur,
902 1741 957 1813 ipse
975 1744 1077 1814 provin·
1140 1782 1142 1797 r

263 1821 348 1886 'fciam
368 1819 498 1885 retineret,
541 1819 613 1885 Haec,
633 1819 698 1874 mira
718 1838 868 1891 quanquam,
892 1819 966 1874 fidem
992 1839 1026 1875 ex
1046 1819 1092 1877 eo'
1140 1840 1142 1887 j

283 1897 425 1962 trahebant,
439 1895 506 1968 quod
516 1909 582 1951 nnus
595 1897 707 1952 omnium
720 1897 806 1968 Sejani
817 1897 930 1952 affinium
941 1898 1075 1954 incolumis

283 1975 413 2045 multaque
436 1975 519 2046 gratia
541 1973 642 2040 mansit,
664 1979 801 2046 reputante
821 1974 922 2030 'liberio
944 1975 1075 2046 publicum
1140 2034 1142 2037 ,

284 2051 332 2106 sibi
344 2051 437 2116 odium,
451 2056 588 2106 extremam
605 2056 715 2118 aetatem,
728 2052 859 2124 magisque
874 2051 942 2106 fama
958 2072 1033 2124 quam
1049 2056 1076 2110 vi

258 2199 262 2204 v
284 2133 352 2184 stare
363 2147 403 2184 res
416 2147 483 2184 suas.

239 2215 275 2268 31
320 2207 349 2262 Ο,
363 2207 457 2272 Cestio,
477 2206 515 2261 M.
534 2206 640 2262 Servilio
658 2205 804 2262 consuhbus
821 2205 919 2261 nobiles
940 2207 1030 2262 Parthi
1047 2209 1075 2263 in

263 2283 372 2338 turbem
385 2302 482 2350 venere,
495 2283 583 2356 ignaro
595 2303 656 2356 rege
668 2283 806 2339 Artabano,
842 2284 870 2338 Is
883 2288 955 2338 metu
971 2284 1075 2340 Germa·

215 2356 335 2442 “qgffimici
346 2360 411 2414 fidus
423 2361 552 2426 Romanis,
566 2361 696 2432 aequabilis
708 2362 736 2416 in
747 2379 814 2428 suos,
823 2377 883 2415 mox
892 2361 1034 2432 superbiam
1046 2364 1073 2418 in

226 2458 247 2488 a.
258 2453 338 2502 unos,
352 2437 474 2492 saevitiam
487 2438 512 2492 in
527 2439 661 2509 populares
679 2438 806 2510 sumpsit;
823 2439 905 2492 fretus
923 2438 1003 2504 bellis,
1016 2459 1072 2511 quae

237 2497 269 2538 ³⁶·
285 2513 395 2568 secunda
406 2513 539 2569 adversum
555 2516 729 2586 circumjectas
744 2516 861 2570 nationes
877 2521 1031 2582 exercuerat,
1047 2522 1073 2572 et

284 2594 442 2646 senectutem
463 2591 557 2646 liberii
573 2596 604 2646 ut
621 2593 743 2648 inermem
767 2592 915 2664 despiciens,
935 2593 1073 2665 avidusque

283 2668 417 2734 Armenia,
430 2669 478 2734 cui,
493 2668 612 2724 defuncto
622 2675 683 2740 'rege
692 2670 805 2735 Artaxia,
816 2671 930 2726 Arsacen
938 2670 1073 2727 liberorum

284 2763 387 2800 suorum
414 2745 578 2800 veterrimum
605 2745 735 2817 imposuit,
763 2745 849 2802 addita
872 2749 1026 2804 contumelia
1047 2756 1074 2806 et

282 2823 366 2877 missis
379 2822 422 2894 qni
434 2839 521 2894 ganam
533 2839 548 2876 a
559 2821 667 2878 Vonone
678 2823 790 2878 relictam
808 2824 836 2878 in
852 2825 924 2896 Syria
936 2825 1073 2899 Ciliciaque

282 2903 461 2970 reposcerent;
479 2899 554 2954 nmul
576 2903 676 2955 veteres
695 2901 830 2956 Persarum
852 2920 881 2956 ae
904 2902 1073 2962 Macedonum
