2550 3500
212 428 231 465 A
250 426 327 474 1³⁵⁵]
401 364 597 413 ANNALIUM
613 363 692 413 XIII.
711 366 812 413 18—21.
957 366 1004 419 279

212 475 369 544 trahebatur,
390 494 448 531 cum
469 476 611 547 ingreditur
633 477 715 545 Paris,
734 476 824 532 solitus
848 476 959 548 alioquin
977 477 1005 532 id

212 553 335 624 temporis
347 553 422 607 luxus
434 552 554 623 principis
566 553 705 619 intendere,
719 553 764 609 sed
775 558 838 609 tunc
850 554 1004 624 compositus

212 630 247 685 ad
264 630 415 695 mestitiam,
429 630 593 702 expositoque
605 631 692 686 indicii
703 630 791 686 ordine
807 630 844 686 ita
860 630 1005 686 audientem
1108 633 1110 642 ’

137 716 138 725 ’
213 710 333 773 exterret,
347 712 377 761 ut
389 724 441 761 non
452 709 553 761 tantum
562 711 670 762 matrem
679 707 848 779 Plautumque
855 708 1003 773 interficere,

213 784 260 839 sed
287 784 400 839 Burrum
423 783 500 839 etiam
523 782 656 839 demovere
683 785 834 856 prefectum
856 784 1003 851 destinaret,

212 865 335 932 tanquam
347 860 494 931 Agrippina
506 861 589 932 gratia
603 866 752 933 provectum
769 868 796 918 et
804 863 889 918 'vicem
900 862 1004 917 redden·

212 942 275 993 tem.
318 937 413 991 Fabius
437 938 561 992 Rusticus
586 942 738 994 auctorest
761 939 869 1011 scriptos
893 957 949 994 esse
972 938 1028 995 ada

214 1016 341 1071 Caecinam
359 1016 470 1070 Tuscum
489 1014 624 1081 codicillos,
647 1016 766 1072 mandata
783 1018 808 1072 ei
830 1017 1005 1088 pretoriarum

214 1093 357 1149 cohortium
374 1111 450 1158 cura;
477 1091 522 1147 sed
539 1110 587 1163 ope
608 1094 710 1148 Seneca
730 1093 901 1165 dignationem
918 1094 1003 1149 Burro

213 1173 348 1225 retentam.
382 1169 481 1224 Plinius
499 1173 526 1224 et
544 1169 650 1225 Cluvius
668 1170 732 1225 nihil
747 1170 891 1226 dubitatum
907 1171 939 1226 de
954 1171 1029 1226 fides

213 1246 329 1317 praefecti
351 1247 472 1301 referunt.
521 1247 586 1301 Sane
609 1246 704 1302 Fabius
727 1246 832 1303 inclinat
855 1247 888 1302 ad
916 1248 1004 1305 laudes

216 1325 324 1390 Seneca,
346 1324 419 1395 cujus
439 1323 549 1379 amicitia
568 1325 662 1379 floruit.
698 1324 756 1379 Nos
776 1342 923 1380 consensum
945 1330 1028 1378 auc-4

214 1405 300 1456 torum
312 1402 431 1466 secuturi,
445 1420 501 1471 qua
513 1400 611 1456 diversa
622 1400 787 1473 prodiderint,
801 1402 849 1457 sub
860 1400 1003 1455 nominibus

214 1478 327 1549 ipsoram
351 1478 487 1533 trademus.
533 1478 604 1533 Nero
627 1478 750 1549 trepidus,
775 1481 803 1533 et
825 1477 1027 1533 interficiendae

214 1556 304 1611 matris
321 1556 418 1621 avidus,
436 1574 488 1609 non
504 1556 575 1626 prius
594 1556 689 1611 differri
706 1556 791 1627 potuit
813 1574 888 1627 quam
904 1556 1004 1609 Burms

215 1650 302 1689 necem
314 1633 368 1704 ejus
383 1632 552 1704 promitteret,
565 1632 588 1687 si
603 1633 722 1688 facinoris
739 1636 933 1705 coargueretur:
959 1631 1005 1687 sed

215 1710 363 1783 cuicunque,
385 1708 478 1766 nedum
502 1710 608 1780 parenti,
634 1709 805 1767 defensionem
828 1708 1003 1777 tribuendam

214 1807 263 1844 neo
285 1792 443 1844 accusatores
464 1786 558 1854 adesse,
581 1788 626 1842 sed
646 1807 733 1844 vooem
756 1789 832 1844 unius
852 1807 884 1843 ex
903 1786 1005 1842 inimica

216 1865 290 1921 domo
302 1866 393 1922 afferri.
429 1864 553 1920 Befutare
565 1865 683 1922 tenebras
699 1869 726 1921 et
742 1865 872 1938 vigilatam
889 1864 1004 1920 convivio

215 1947 323 2008 noctem,
336 1942 469 2013 omniaque
481 1943 619 1997 temeritati
631 1947 658 1998 et
669 1943 776 1999 inscitia
791 1943 917 2014 propiora
962 1941 1004 1996 Sic
1013 1938 1047 1993 al

215 2020 293 2076 lenito
305 2020 425 2090 principis
437 2023 515 2086 metu,
528 2022 554 2074 et
565 2019 622 2075 luce
639 2024 704 2088 orta,
715 2021 770 2076 itur
785 2019 818 2074 ad
830 2018 1003 2091 Agrippinam,

215 2101 246 2152 ut
264 2101 380 2152 nosceret
400 2095 500 2167 objecta
520 2095 725 2168 dissolveretque,
745 2096 787 2152 vel
806 2115 893 2167 poenas
914 2095 1003 2149 lueret.
1141 2150 1142 2159 ,

215 2174 314 2229 Burrum
331 2173 362 2227 iis
379 2171 511 2238 mandatis,
532 2173 627 2228 Seneca
644 2191 736 2239 ooram,
755 2171 928 2244 fungebatur:
947 2171 1027 2226 ade-2
1141 2170 1142 2201 l

215 2257 273 2306 rana
285 2253 311 2304 et
327 2268 359 2304 ex
375 2249 473 2304 libertis
489 2249 580 2305 arbitri
596 2249 726 2305 sermonis.
761 2249 862 2304 Deinde
879 2267 895 2303 a
910 2249 1003 2315 Burro,

215 2330 349 2398 postquam
361 2326 466 2381 crimina
474 2333 500 2381 et
510 2330 628 2382 auctores
637 2327 763 2398 exposuit,
771 2327 903 2382 minaciter
911 2332 1003 2382 actum.
1140 2372 1141 2375 η

215 2404 251 2459 m
262 2403 403 2476 Agrippina
414 2403 513 2459 ferocia
525 2421 627 2469 memor,
640 2409 657 2432 “
664 2404 726 2458 Non
733 2404 834 2471 miror‚'’
843 2404 933 2474 inquit,
944 2406 959 2433 “
967 2404 1026 2458 Sia
1140 2398 1141 2467 ξ

215 2482 305 2547 lanam
322 2500 451 2553 nunquam
466 2481 536 2537 edito
551 2485 635 2552 partu,
652 2485 763 2536 matrum
779 2481 884 2537 affectus
902 2484 1004 2554 ignotos
1140 2482 1141 2495 ¹

216 2559 315 2615 habere.
351 2559 442 2630 Neque
454 2558 664 2631 erimperindea
679 2558 826 2630 parentibus
842 2559 914 2614 liberi
929 2578 1004 2630 quam
1140 2578 1141 2595 ¹

217 2637 247 2692 ab
270 2635 397 2707 impudica
420 2636 527 2692 adulteri
549 2639 690 2691 mutantur.
729 2636 787 2692 Nec
809 2637 833 2691 si
855 2637 954 2692 Iturius
977 2640 1027 2690 eta
1140 2630 1141 2695 ξ

217 2715 348 2780 Calvisius,
361 2713 443 2770 adesis
455 2715 570 2770 omnibus
586 2713 704 2780 fortunia,
721 2714 884 2768 novissimam
900 2713 1004 2783 suscipi-

195 2792 286 2848 ,enda
307 2792 473 2847 accusationis
496 2809 598 2862 operam
621 2791 682 2846 anui
705 2790 854 2863 rependunt,
876 2790 933 2849 ideo
957 2797 1002 2844 aut

217 2869 277 2924 mihi
294 2869 398 2924 infamia
414 2869 548 2940 parricidii,
567 2872 612 2924 aut
631 2869 726 2924 Caesari
746 2867 908 2931 conscientia,
930 2866 1004 2920 sube-

219 2946 284 3004 unda
295 2951 343 3004 est.
379 2947 447 3002 Nam
458 2946 579 3002 Domitia
596 2945 734 3002 inimicitiis
751 2944 847 3018 gratias
861 2961 969 3014 agerem,
983 2943 1027 2997 sit
