2550 3500
294 363 347 411 ‘138
634 363 753 411 TACITI

936 426 1089 472 mecm

298 472 384 529 debat.
420 472 561 542 Corporum
576 474 689 541 verbera,
709 473 884 545 ademptiones
900 472 1025 528 bonorum
1039 475 1100 529 ebe

300 555 365 605 rant.
401 550 464 604 Rari
476 568 521 619 per
532 550 631 606 Italiam
651 552 759 607 Caesaris
774 552 838 620 agri,
850 550 967 605 modesta
982 553 1098 617 servitia,

301 630 369 683 iutra
380 644 474 697 paucos
486 627 590 683 libertos
602 628 708 695 domus3
727 647 757 683 ac
768 628 791 683 si
803 628 904 699 quando
917 646 976 683 cum
987 630 1099 700 privatis

301 704 658 777 &wwmfflmmms

276 778 294 841 ‘7
336 781 402 841 Qua
419 784 518 849 cuncta,
536 800 588 837 uon
605 783 707 854 quidem
724 783 791 843 corsi
808 782 850 837 via
867 780 912 836 sed
927 782 1049 837 horridus
1066 800 1098 837 ac
1140 841 1141 852 ,

301 857 450 929 plerumque
470 857 628 923 formidatus,
647 860 773 915 retinebat
793 864 887 923 tamen,
912 858 993 913 donec
1012 865 1099 913 morte
1140 865 1142 930 l

301 934 382 991 Drusi
393 938 569 991 verterentur:
587 956 646 991 nam
664 936 724 992 dum
740 936 875 1005 superfuit,
894 954 1018 1004 mansere,
1037 937 1099 1006 quin

302 1012 410 1081 Sejanus
421 1012 557 1083 incipiente
575 1014 658 1069 adbuc
674 1014 790 1084 potentia
801 1012 874 1067 bonis
886 1014 999 1068 consiliis
1010 1018 1097 1082 notes,
1140 1059 1142 1076 2

280 1100 359 1145 tcere
371 1088 480 1155 volebat,
494 1094 520 1145 et
537 1090 607 1146 ultor
622 1090 785 1145 metuebatur
801 1107 853 1142 uon
864 1090 982 1144 occultus
992 1090 1056 1155 odii,
1070 1096 1098 1144 et

302 1166 390 1222 crebro
402 1186 516 1239 quereus,
534 1169 656 1225 incolumi
671 1169 723 1223 filio
740 1166 883 1237 adjutorem
899 1168 1000 1239 imperii
1017 1168 1098 1222 ulium

303 1244 402 1309 vocari;
414 1249 441 1299 et
450 1248 573 1315 quantum
582 1248 752 1317 superessent
761 1243 985 1313 collegadicaturt
1002 1244 1099 1315 primas

303 1318 448 1376 dominandi
471 1340 529 1391 spes
552 1322 580 1377 in
602 1323 697 1378 arduo:
715 1320 761 1375 ubi
785 1321 820 1375 sis
843 1320 982 1393 ingressus,
1006 1320 1098 1377 edesse

303 1397 390 1453 studia
412 1402 439 1453 et
459 1398 596 1455 ministros.
630 1400 774 1455 llxstructa
790 1399 845 1466 jam
864 1403 956 1467 sponte
977 1395 1098 1468 preteeti

303 1476 393 1539 castra,
407 1472 480 1529 datos
491 1491 519 1527 m
534 1489 635 1526 manum
652 1470 763 1535 milites3
780 1470 849 1525 cerui
866 1470 974 1539 effigiem
990 1469 1047 1539 ejus
1064 1471 1093 1523 iu

303 1548 472 1603 monumentis
491 1548 537 1603 On.
550 1546 680 1617 Pompeii;
699 1562 844 1599 communes
864 1544 901 1599 illi
918 1564 978 1599 oum
995 1546 1094 1601 familia

279 1624 444 1679 4Drusorum
458 1624 512 1679 fore
528 1628 640 1693 nepotes.
677 1620 832 1677 Precandom
849 1626 908 1691 post
923 1622 978 1676 baee
993 1621 1094 1675 modes-

303 1702 372 1767 tiam,
397 1704 427 1758 ut
450 1704 585 1757 contentus
608 1702 684 1755 esset.
721 1699 812 1770 Neque
835 1717 893 1754 raro
915 1718 998 1771 neque
1022 1700 1094 1772 apud

303 1796 396 1850 paucos
408 1779 469 1832 talia
478 1777 587 1848 jaciebat
594 1799 602 1844 ;
620 1781 647 1831 et
659 1781 759 1832 secreta
775 1795 876 1848 quoque
887 1777 950 1848 ejus,
969 1783 1093 1848 corrupte

277 1856 391 1922 Suxore,
408 1854 586 1925 prodebantur.
623 1854 710 1925 Igitur
728 1855 841 1924 Sejanus,
858 1853 1038 1908 maturandum
1054 1873 1094 1910 re-

302 1935 353 1996 tus,
372 1930 459 2002 deligit
476 1948 599 1984 venenum
616 1948 666 2001 quo
683 1930 805 2001 paulatim
821 1931 949 2001 irrepente
966 1931 1093 1986 fortuitus

303 2007 405 2063 morbus
423 2007 619 2062 assimilaretur.
656 2007 689 2062 Id
704 2008 790 2062 Druso
807 2007 894 2062 datrrm
908 2026 954 2078 per
970 2009 1094 2080 Lygdum

280 2084 1094 2156 2mfflmmmoemmmmmoefflmmffi.0fflwm

302 2163 418 2220 'liberius
430 2181 475 2234 per
486 2181 573 2218 omues
585 2163 731 2218 valitudinis
743 2163 798 2234 ejus
810 2163 871 2228 dies,
884 2163 953 2218 nullo
965 2172 1045 2230 metu,
1060 2185 1094 2222 au

302 2245 332 2296 ut
344 2240 523 2296 firmitudinem
540 2240 617 2296 animi
632 2244 780 2304 ostentaret,
799 2240 876 2295 etiam
894 2239 1016 2296 defuncto
1032 2261 1094 2298 uec·

280 2316 363 2372 tdum
375 2318 481 2390 sepulto,
495 2317 591 2372 curiam
602 2317 731 2388 ingressus
749 2320 797 2372 est.
834 2317 1015 2388 Consulesque,
1031 2319 1093 2374 sede

302 2394 401 2466 vulgari
412 2414 457 2465 per
469 2395 578 2466 speeiem
594 2395 719 2450 maestitiae
735 2393 860 2460 sedentes,
876 2395 979 2451 honoris
991 2395 1093 2467 locique

301 2471 447 2539 admonuit;
466 2477 493 2528 et
516 2473 624 2527 effusum
641 2472 669 2526 iu
686 2471 800 2526 lacrimas
818 2476 942 2538 senatum,
960 2473 1032 2528 ricto
1049 2493 1094 2544 ge-

303 2548 374 2614 mito,
389 2549 464 2604 simol
476 2549 589 2604 oratione
606 2548 726 2604 contiuua
742 2549 839 2605 erexit:
856 2568 909 2604 uon
923 2549 1026 2620 quidem
1042 2551 1094 2606 sibi

302 2625 418 2697 ignarum
429 2643 503 2696 posse
516 2625 596 2696 argui,
610 2625 678 2696 quod
695 2630 748 2680 tam
764 2627 860 2682 receuti
879 2626 966 2682 dolore
982 2627 1093 2683 subierit

302 2703 388 2758 oculos
412 2706 530 2756 senatus:
558 2702 601 2756 vir
624 2701 823 2772 propinquorum
847 2703 956 2774 alloquia
977 2703 1091 2770 tolerari,

267 2778 1142 2853 ‘fflMQOamwQOm.Mwfflm=

301 2856 480 2914 imbecillitatis
504 2854 673 2910 damnandosr
692 2859 824 2912 setanion
844 2857 951 2912 fortiora
967 2857 1093 2914 solatiae

278 2935 435 3008 tcomplexu
457 2932 495 2990 rei
516 2931 622 3004 publice
645 2932 773 3002 petivisse.
825 2934 1017 3006 Miseratusquc
1038 2938 1093 2994 Au·
