2550 3500
136 379 140 422 :
380 361 574 411 ANNALIUM
592 361 639 409 XI.
652 364 753 409 22-25.
919 360 967 413 227

138 459 140 468 ,
179 427 204 467 a
215 425 240 465 n.
251 424 282 473 ar,
291 424 334 475 aa]

178 476 252 541 Alba,
274 474 445 530 Coruncanios
470 474 592 539 Camerio,
617 472 720 527 Porcios
742 471 859 537 Tusculo,
884 474 911 527 et
933 491 966 527 ne

131 578 133 611 z
178 562 266 607 vetera
278 555 426 617 scrutemur,
439 551 545 606 Etruria
556 550 718 620 Lucaniaque
730 559 756 604 et
768 549 836 604 omni
847 548 923 603 Italia
939 550 967 603 in

132 650 143 700 ³,
178 633 295 684 senatum
309 629 410 697 accitos,
431 632 562 699 postremo
579 627 661 698 ipsam
676 627 708 681 ad
721 627 800 698 Alpes
816 632 965 697 promotam,

177 710 208 760 nt
220 724 273 761 non
284 706 358 760 modo
370 704 465 776 singrdi
476 704 578 770 viritim,
592 704 637 759 sed
644 709 726 770 terrae,
735 709 832 777 gentes,
842 704 869 758 in
875 722 967 758 nomen

176 786 295 837 nostrum
306 782 483 837 coalescerent.
519 782 591 836 Tunc
604 781 684 837 solida
700 782 768 837 domi
784 782 863 852 quies,
879 785 905 835 et
923 780 988 836 aul-3

177 878 268 925 versus
280 863 385 914 externa
396 858 535 924 floruimus,
549 877 606 913 cum
617 859 789 930 Transpadani
800 860 827 914 in
838 859 967 913 civitatem

177 938 282 1008 recepti,
295 954 361 1001 curn,
374 936 458 1007 specio
470 935 635 991 deductarum
652 954 698 1007 per
715 936 802 991 orbem
815 939 890 991 terra
905 935 967 1007 legi·

178 1033 256 1069 onum
273 1012 365 1067 additis
383 1012 574 1085 provincialium
592 1012 760 1078 validissimis,
777 1014 844 1068 fesso
861 1013 967 1084 imperio

178 1092 333 1147 subventum
345 1093 392 1145 est.
428 1090 499 1145 Num
511 1090 615 1161 paenitet
626 1090 721 1145 Balbos
733 1109 765 1145 ex
776 1091 907 1161 Hispania
919 1100 988 1146 nect

177 1169 263 1224 minus
282 1167 393 1239 insignes
409 1166 476 1221 viros
492 1186 506 1221 e
521 1168 602 1221 Gallia
619 1167 786 1235 Narbonensi,
800 1168 966 1223 transivisse?

177 1248 283 1301 manent
294 1244 391 1315 posteri
402 1262 496 1309 eorum,
510 1263 557 1299 nec
569 1263 653 1300 amore
665 1246 693 1300 in
702 1246 768 1300 hanc
779 1245 886 1315 patriam
893 1245 966 1300 nobis

178 1321 329 1378 concedunt.
366 1320 437 1380 Quid
448 1320 518 1375 aliud
535 1322 612 1376 exitio
629 1322 826 1377 Lacedaemoniis
842 1326 869 1377 et
885 1322 987 1380 Athe-5

177 1398 310 1455 aiensibus
330 1398 388 1463 init,
411 1416 553 1469 quanquam
572 1399 648 1454 armis
671 1399 802 1470 pollerent,
825 1399 876 1453 nisi
898 1398 966 1469 quod

178 1477 262 1532 victos
285 1494 332 1547 pro
355 1475 500 1547 alienigenis
525 1476 665 1531 arcebant?
688 1478 725 1532 At
748 1476 863 1531 conditor
884 1477 987 1534 nostri6

179 1554 307 1612 Remulus
319 1558 418 1609 tantum
431 1554 554 1625 sapientia
564 1555 652 1621 valuit,
668 1560 699 1609 ut
714 1556 846 1627 plerosque
854 1556 965 1627 *populos

179 1632 270 1688 eodem
282 1631 323 1686 dic
334 1631 427 1699 hostes,
440 1630 499 1686 dein
511 1632 577 1687 cives
589 1632 714 1687 habuerit.
749 1632 860 1688 Adversa
876 1633 904 1687 in
918 1636 987 1687 nos?

179 1710 368 1782 regnaverunt:
391 1708 565 1764 libertinorum
587 1709 645 1764 filiis
667 1710 831 1782 magistratus
853 1708 966 1765 mandari

131 1833 132 1848 ,
180 1807 241 1853 non,
261 1791 292 1842 ut
310 1786 423 1858 plerique
441 1787 570 1852 falluntur,
590 1806 688 1859 repens,
708 1787 754 1843 sed
772 1789 850 1858 priori
871 1788 965 1860 populo

131 1857 132 1896 ³
180 1865 328 1920 factitatum
347 1867 395 1918 est,
431 1864 468 1918 At
483 1883 541 1920 cum
560 1865 701 1920 Senonibus
718 1865 900 1937 pugnavimus:
918 1866 987 1926 soi-a

180 1943 242 1998 licet
260 1941 349 1996 Volsci
365 1944 392 1995 et
411 1940 490 2011 AEqui
508 1960 637 2013 nunquam
653 1942 783 1998 adversam
798 1942 871 1998 nobis
887 1943 966 1998 aciem

179 2020 335 2075 instruxere.
373 2017 448 2088 Capti
464 2037 479 2072 a
497 2018 574 2074 Gallis
592 2037 696 2074 sumus:
716 2019 761 2074 sed
776 2023 803 2074 et
818 2020 908 2075 Tuscis
922 2020 988 2075 ob9

180 2095 251 2153 sides
263 2095 377 2150 dedimus
386 2098 412 2150 et
422 2095 571 2150 Samnitium
580 2096 809 2168 jugumsubiimus.
844 2099 966 2152 Attamen

180 2175 204 2229 si
217 2176 309 2228 cuncta
321 2171 387 2228 bella
397 2189 536 2237 recenseas,
549 2173 647 2228 nullum
662 2173 777 2229 breviore
793 2174 875 2246 spatio
890 2193 966 2244 qnam

180 2251 305 2306 adversus
318 2249 402 2304 Gallos
414 2249 564 2305 confectum.
602 2251 729 2306 continua
739 2251 798 2306 inde
809 2270 839 2306 ao
849 2250 964 2322 fidapax.
973 2264 1003 2310 10

179 2329 198 2383 J
199 2347 241 2384 am
253 2326 373 2392 moribus,
386 2327 490 2396 artibus,
503 2327 666 2384 affinitatibus
677 2329 770 2383 nostris
782 2328 863 2394 mixti,
876 2348 966 2384 aurum

179 2413 208 2461 et
228 2422 289 2475 opes
311 2422 369 2459 suas
387 2403 496 2458 inferant
516 2404 697 2478 potiusquam
717 2406 827 2476 separati
848 2406 965 2462 habeant.

131 2517 133 2532 ,
179 2481 282 2546 Omnia,
302 2484 387 2552 patres
408 2481 624 2554 conscriptique
638 2501 707 2538 nnnc
722 2484 895 2539 vetustissima
914 2504 966 2541 crc-

179 2559 287 2624 duntm,
300 2576 366 2614 nova
376 2557 454 2614 fuere
490 2559 577 2615 Plebei
588 2561 751 2632 magistratus
766 2565 825 2632 post
838 2563 965 2634 patricios,
975 2574 1003 2621 ll

179 2637 271 2693 Latini
289 2644 348 2708 post
367 2635 485 2706 plebeios,
507 2641 649 2692 ceterarum
668 2639 750 2694 Italia
770 2640 885 2711 gentium
907 2645 966 2712 post

178 2713 298 2770 Latinos.
337 2713 510 2769 inveterascet
534 2715 582 2770 hoc
605 2733 721 2787 quoque;
751 2721 778 2772 et
801 2718 869 2789 qnod
891 2718 966 2773 hodie

179 2790 305 2862 exemplis
316 2793 425 2856 tuemur,
438 2790 505 2846 inter
516 2792 629 2864 exempla
636 2794 710 2849 erit.''
745 2795 894 2850 Orationem
900 2796 966 2866 prin·
973 2795 1009 2850 25

179 2869 246 2940 cipis
259 2870 348 2923 secuto
359 2869 461 2938 patrum
473 2869 595 2936 consulto,
608 2870 683 2943 primi
694 2870 772 2926 AEdui
784 2877 928 2928 senatorum
938 2873 967 2926 in

180 2945 246 3002 urbe
256 2945 300 3018 jus
311 2943 397 3016 adepti
408 2948 476 3001 sunt.
512 2947 608 3004 Datum
619 2947 647 3004 id
657 2948 746 3005 freden
752 2951 863 3022 antiqno,
872 2953 898 3005 ct
907 2949 988 3021 quia²
