2550 3500
178 458 237 499 Μ.
249 456 292 507 m
387 396 582 445 ANNALIUM
601 396 652 443 ΙΙΙ.
667 397 770 447 69-73,
924 393 967 445 tal

178 519 229 573 tur,
240 512 396 579 cunctasque
404 510 558 564 carimonias
568 508 666 563 Italicis
675 508 702 561 in
710 505 816 579 oppidis,
826 509 969 578 templaque

176 595 204 643 et
219 587 353 641 numinum
370 586 471 657 effigies,
488 588 553 657 juris
571 591 648 656 atque
663 586 761 657 imperii
780 586 889 639 Romani
905 603 969 640 esse.

176 667 221 720 Ita
233 665 329 719 donum
345 664 413 735 apud
424 665 533 719 Antium
546 664 676 717 statuitur.
711 664 747 718 nt
760 664 877 733 quoniam
889 662 920 717 de
932 670 992 717 re·3

174 742 315 814 ligionibus
327 742 492 806 tractabatur,
507 740 613 795 dilatum
627 760 709 812 nuper
722 757 871 811 responsum
883 740 969 794 adver·

175 838 221 874 sus
239 819 357 873 Servium
372 818 576 889 Maluginensem
588 818 715 872 flaminem
729 819 828 872 Dialem
846 818 969 888 prompsit

176 898 272 961 Oaesar,
285 896 452 965 recitavitque
471 896 600 950 decretum
612 896 767 966 pontificum,
781 896 897 966 quotiens
910 894 970 948 vali-

174 974 241 1029 tudo
253 975 359 1028 adversa
374 974 500 1027 flaminem
516 973 615 1027 Dialem
632 973 784 1037 incessisset,
797 977 827 1026 ut
843 972 968 1043 pontificis

175 1052 281 1105 maximi
297 1050 401 1104 arbitrio
415 1051 472 1120 plus
490 1068 565 1121 quam
579 1050 719 1105 binoctium
736 1049 842 1114 abesset,
862 1049 922 1103 dum
936 1068 969 1103 ne

177 1128 268 1183 diebus
279 1128 374 1199 publici
386 1128 508 1193 sacrificii,
521 1146 571 1181 neu
584 1128 675 1197 sapius
688 1146 763 1197 quam
772 1126 811 1181 bis
823 1126 930 1181 eundem
941 1127 970 1180 in

177 1222 272 1259 annum
280 1226 287 1271 ;
307 1223 371 1275 quae,
384 1205 496 1275 principe
512 1207 631 1275 Augusto
649 1204 795 1269 constituta,
809 1205 870 1258 satis
886 1208 970 1258 osten-

177 1282 272 1337 debant
285 1298 394 1335 annuam
410 1281 549 1336 absentiam
566 1286 592 1335 et
607 1282 793 1353 provinciarum
811 1281 968 1335 administra·

176 1360 274 1414 tionem
284 1356 400 1413 Dialibus
412 1376 464 1412 non
476 1358 586 1413 concedi.
619 1358 860 1428 Memorabaturque
872 1359 903 1412 L.
912 1359 992 1413 Med

176 1436 232 1491 telli
241 1436 368 1507 pontificis
379 1435 479 1489 maximi
492 1436 641 1506 exemplum,
653 1436 696 1506 qui
705 1434 800 1489 Aulum
809 1435 968 1489 Postumium

175 1514 305 1568 flaminem
322 1512 477 1567 attinuisset.
513 1512 557 1565 lta
574 1530 628 1567 1011
641 1513 710 1567 Asiae
725 1512 753 1566 in
769 1530 834 1577 eum,
850 1512 894 1583 qui
909 1519 992 1568 con-5

177 1590 301 1646 salarium
313 1589 486 1661 Maluginensi
497 1590 627 1660 proximus
641 1593 703 1657 erat,
715 1589 814 1643 collata.

212 1668 298 1723 Isdem
312 1668 400 1722 diebus
412 1667 526 1738 Lepidus
538 1667 569 1721 ab
582 1672 673 1722 senatu
683 1668 782 1739 petivit,
795 1671 825 1721 ut
840 1666 968 1721 basilicam
978 1670 1019 1730 72

176 1746 259 1812 Pauli,
284 1745 388 1800 AEmilia
411 1751 580 1810 monumenta,
605 1746 708 1818 propria
730 1746 838 1817 pecunia
857 1745 968 1799 firmaret

177 1827 337 1894 ornaretque.
374 1823 437 1877 Erat
461 1823 538 1877 etiam
561 1829 618 1877 tum
635 1824 663 1878 in
682 1843 752 1878 more
769 1823 869 1894 pubhca
886 1824 992 1878 muni-2

175 1902 292 1967 lieentia3
311 1917 358 1955 nec
381 1903 516 1972 Augustus
540 1906 656 1956 arcuerat
673 1902 792 1966 Taurum,
812 1901 965 1972 Philippum,

175 1979 295 2044 Balbum,
309 1977 413 2032 hostiles
427 1979 530 2032 exuvias
545 1983 589 2032 aut
604 1978 761 2033 exundantes
777 1997 838 2050 opes
850 1984 968 2032 ornatum

175 2057 209 2111 ad
221 2055 292 2110 urbis
309 2059 335 2110 et
352 2059 482 2126 posterum
500 2055 606 2128 gloriam
621 2056 742 2110 conferre.
780 2057 910 2114 Quotam
926 2065 991 2110 err-3

174 2133 259 2204 empto
282 2131 403 2202 Lepidus,
429 2151 571 2204 quanquam
595 2133 708 2204 pecunia
725 2132 846 2198 modicus,
872 2132 966 2186 avitum

174 2210 254 2264 decus
272 2207 386 2264 recoluit.
423 2211 459 2263 At
483 2211 597 2281 Pompeii
617 2211 753 2275 theatrum,
778 2210 837 2280 igne
861 2209 992 2266 fortuit04

134 2327 136 2340 .
173 2289 304 2352 haustum,
324 2287 410 2340 Caesar
430 2290 606 2342 extructurum
630 2287 757 2358 pollicitus
781 2291 829 2350 est,
848 2304 879 2340 eo
899 2285 968 2356 quod

173 2385 249 2422 nemo
268 2383 283 2420 e
301 2365 396 2420 familia
412 2366 577 2421 restaurando
596 2367 728 2431 sufficeret,
747 2369 865 2420 manente
881 2369 968 2420 tamen

173 2445 278 2498 nomine
290 2443 412 2514 Pompeii.
450 2443 529 2498 Simul
541 2443 658 2498 laudibus
672 2443 790 2513 Sejanum
803 2442 902 2508 extulit,
912 2449 967 2496 tan-
978 2459 993 2502 5

174 2539 252 2592 qnam
269 2519 355 2574 labore
372 2519 552 2592 vigilantiaque
574 2521 630 2592 ejus
653 2524 727 2573 tanta
744 2520 783 2573 vis
803 2537 882 2573 unum
899 2519 968 2573 intra
995 2527 999 2534 '
1108 2511 1111 2516 ’

174 2599 295 2653 damnum
308 2597 429 2652 stetisset.
466 2597 501 2652 Et
513 2615 634 2652 censuere
645 2601 731 2668 patres
743 2597 850 2667 effigiem
865 2597 965 2668 Sejano,

175 2693 230 2746 quse
248 2673 317 2744 apud
334 2674 463 2728 theatrum
477 2675 592 2745 Pompeii
608 2674 741 2728 locaretur.
778 2674 870 2745 Neque
886 2674 967 2728 multo
977 2684 1000 2733 6'

175 2757 232 2821 post
246 2751 340 2816 Oaesar,
354 2769 412 2806 cum
424 2751 529 2806 {lunium
541 2752 660 2816 Blaesum,
677 2751 851 2822 proconsulem
864 2751 966 2815 Africa,

175 2828 300 2898 triumphi
314 2827 456 2900 insignibus
475 2828 610 2894 attolleret,
630 2827 690 2882 dare
707 2828 735 2883 id
752 2847 780 2883 se
796 2828 861 2882 dixit
878 2828 968 2880 honori

177 2905 268 2977 Seiani,
282 2905 356 2976 cujus
368 2905 410 2959 ille
427 2905 566 2960 avunculus
578 2909 641 2959 erat.
677 2907 717 2960 Ae
731 2910 818 2960 tamen
834 2922 875 2958 res
891 2903 968 2956 Blaesi

134 3037 136 3060 ,
176 2981 258 3054 dignae
277 2981 368 3036 decore
384 2981 431 3036 tali
451 2981 530 3036 fuere.
566 2983 635 3037 Nam
652 2981 806 3046 Tacfarinas,
825 2996 968 3050 quanquam
979 2986 1016 3041 73

175 3059 271 3130 sapius
289 3058 418 3130 depulsus,
436 3059 558 3130 reparatis
578 3077 624 3130 per
647 3061 739 3114 intima
755 3058 848 3113 Africa
869 3055 969 3110 auxdiis
