2550 3500
204 410 262 451 AB
282 410 323 455 50]
414 347 610 395 ANNALIUM
629 349 691 396 XII.
713 351 815 398 25—30.
960 351 1008 401 24⁷

206 460 253 529 qui
265 457 360 513 dextris
372 462 399 514 et
411 460 568 531 propioribus
581 460 736 532 compendiis
748 463 839 525 ierant,
847 462 922 518 obvio
929 462 998 517 hosti

205 542 234 591 et
254 536 332 591 aciem
351 555 413 593 auso
431 538 489 609 plus
510 538 588 593 cladis
608 540 714 606 iaciunt,
734 546 761 595 et
780 540 866 611 prada
880 541 997 610 famaque

205 614 294 669 onusti
306 613 338 669 ad
349 619 461 669 montem
472 616 587 669 Taunum
599 621 771 681 revertuntur,
783 618 829 673 ubi
842 618 997 689 Pomponius

206 709 267 745 cum
286 690 427 763 legionibus
446 692 630 764 opperiebatur,
647 694 671 749 si
688 695 775 749 Chatti
788 695 906 766 cupidine
922 694 998 749 ulcis-

141 785 146 796 ¹
206 767 282 823 cendi
305 787 391 823 casum
414 788 506 840 pugnas
529 770 678 841 preberent.
715 773 758 827 Ilii
781 778 859 837 metu,
884 791 917 827 ne
939 772 1022 828 hines

207 846 348 911 Romanus,
361 846 419 901 inde
432 848 560 913 Cherusci,
574 867 632 903 curn
645 851 703 921 quis
713 855 835 905 aeterum
844 849 996 914 discordant,

208 922 478 995 circumgrederentur,
491 924 588 996 legatos
600 927 627 981 in
638 927 728 982 urbem
740 932 766 982 et
778 927 878 983 obsides
890 924 996 993 misere3

207 1000 375 1071 decretusque
387 1002 525 1073 Pomponio
537 1004 697 1075 triumphalis
715 1005 803 1072 honos,
821 1004 921 1059 modica
937 1022 996 1075 pars

205 1078 281 1209 larlqla
293 1078 348 1149 ejus
361 1078 428 1150 apud
439 1084 561 1150 posteros,
574 1080 673 1152 inquis
685 1081 824 1137 carminum
840 1082 921 1153 gloria
935 1100 997 1153 praa

207 1174 238 1211 ce
260 1155 286 1210 't.

241 1232 293 1287 Per
310 1231 377 1287 idern
394 1236 494 1305 tempus
511 1234 634 1301 Vannius,
655 1235 743 1290 Suevis
761 1254 777 1289 a
794 1235 879 1290 Druso
898 1234 996 1290 cesare
1006 1243 1043 1298 29

204 1310 349 1381 impositus,
366 1310 469 1382 pellitur
484 1330 579 1383 regno;
604 1313 687 1384 prima
701 1313 801 1383 imperii
819 1317 897 1367 astate
914 1312 997 1367 clarus

205 1392 376 1459 acceptusque
388 1388 558 1459 popularibus,
568 1408 627 1444 mon
639 1390 808 1444 diuturnitate
816 1390 844 1443 in
855 1389 998 1459 superbiam

205 1469 317 1531 mutans,
331 1470 357 1520 et
373 1466 430 1520 odio
446 1466 594 1531 accolarum,
612 1467 687 1521 simul
704 1467 848 1521 domesticis
866 1466 997 1520 discordiis

205 1543 401 1598 cmoumventus.
437 1545 562 1598 Auctores
580 1544 652 1598 fuere
669 1544 788 1598 Vibillius
805 1542 1021 1599 Hermunduros

205 1639 265 1675 rum
275 1638 328 1685 res,
341 1625 368 1675 et
380 1620 480 1691 Vangio
492 1639 521 1675 ac
538 1619 598 1675 Sido
613 1639 699 1676 sorore
712 1621 807 1675 Vannii
817 1620 903 1693 geniti
940 1620 997 1675 Nec

206 1697 336 1764 Claudius,
350 1716 492 1771 quanquam
504 1716 571 1770 sape
583 1703 678 1765 oratus,
692 1717 761 1754 mma
772 1697 928 1754 certantibus
941 1697 996 1753 bar·

206 1776 274 1832 baris
286 1777 445 1848 interposuit,
458 1781 545 1831 tutum
561 1777 662 1832 Vannio
675 1778 818 1848 perfugium
836 1777 995 1847 promittens,

206 1855 229 1908 si
241 1854 390 1924 pelleretur;
410 1854 559 1925 scripsitque
573 1854 603 1909 P.
616 1855 711 1910 Atellio
727 1855 826 1921 Histro,
839 1855 883 1925 qui
899 1853 998 1908 Panno·

206 1934 274 1986 niam
291 1931 448 2003 praesidebat,
467 1931 592 2003 legionem
615 1931 720 2004 ipsaque
743 1952 758 1988 e
780 1931 909 2004 provincia
931 1931 998 1986 lecta

206 2010 301 2064 auxilia
310 2029 357 2081 pro
369 2010 424 2080 ripa
440 2014 607 2080 componeret,
624 2010 736 2065 subsidio
748 2011 823 2065 victis
835 2015 861 2064 et
873 2015 996 2064 terrorem

206 2087 327 2142 adversus
342 2087 458 2153 victores,
476 2106 508 2142 ne
522 2087 625 2141 fortuna
636 2088 697 2142 elati
708 2093 821 2142 nostram
838 2104 938 2157 quoque
954 2104 996 2156 pa·

205 2183 262 2220 cem
273 2164 412 2220 turbarent.
448 2164 517 2219 Nam
528 2163 566 2218 vis
576 2164 708 2219 innumera
715 2165 783 2236 Ligii
793 2164 897 2234 aliaeque
906 2167 1019 2233 gentcs3

205 2242 383 2307 adventabant,
401 2242 469 2296 lama
486 2241 546 2296 ditis
563 2241 643 2313 regni,
667 2241 735 2312 qnod
753 2241 869 2296 Vannius
889 2240 997 2311 triginta

205 2339 252 2391 per
263 2338 341 2374 annos
357 2317 551 2390 praedationibus
568 2322 594 2372 et
611 2319 777 2390 vectigalibus
793 2320 905 2372 auxerat.
940 2316 1020 2388 Ipsis

205 2416 295 2452 manns
307 2397 408 2467 propria
419 2395 524 2466 pedites,
535 2414 612 2466 eques
625 2413 639 2450 e
652 2395 773 2450 Sarmatis
786 2395 921 2466 Iazygibus
933 2400 996 2462 erat,

129 2481 130 2498 ¹
204 2475 287 2546 impar
310 2473 467 2529 multitudini
489 2473 601 2528 hostiurn
608 2495 616 2539 3
637 2491 718 2544 eoque
741 2473 852 2528 castellis
875 2491 930 2528 sese
954 2472 995 2527 de·

204 2554 305 2608 sensere
322 2551 464 2622 bellumque
482 2551 573 2606 ducere
592 2553 724 2606 statuerat.
761 2550 811 2606 Sed
826 2551 939 2622 Iazyges,
952 2549 994 2604 ob·
1005 2558 1042 2611 30

129 2695 131 2706 ¹
204 2629 309 2686 sidionis
335 2629 495 2699 impatientes
521 2633 548 2683 et
573 2628 701 2698 proximos
729 2647 774 2699 per
800 2647 901 2698 campos
927 2627 994 2698 vagi,

129 2713 131 2744 ⁵
203 2705 418 2762 necessitudinem
436 2723 528 2776 pugnae
549 2705 665 2771 attulere,
685 2706 745 2776 qnia
758 2705 850 2777 Ligins
866 2706 995 2760 Hermun-

204 2785 335 2854 durusque
352 2783 404 2838 illic
427 2783 582 2854 ingruerant.
618 2782 705 2852 Igitur
729 2782 863 2855 degressus
886 2780 1020 2836 castellis2

202 2862 322 2916 Vannius
345 2860 461 2916 iamditur
483 2859 589 2930 prali03
610 2879 754 2932 quanquam
777 2860 853 2915 rebus
876 2857 996 2928 adversis,

205 2938 324 2994 laudatus
345 2937 413 3010 quod
430 2941 457 2994 et
473 2956 584 3009 pugnarn
601 2957 678 2992 manu
695 2938 821 3010 capessiit,
841 2941 868 2991 et
891 2951 995 3005 corpore
