2550 3500
196 454 213 492 A
235 454 312 504 ⁰56]
388 392 582 441 ANNALIUM
599 392 678 440 XIII.
695 392 796 439 25-29.
934 390 982 438 288

195 504 283 558 suis'se.
320 503 391 563 Quin
406 508 432 559 et
446 502 639 558 manumittendi
654 502 716 557 duas
732 500 828 572 species
841 498 1005 565 institutam

194 587 224 633 ut
247 580 433 651 relinqueretur
449 580 602 651 paenitentiae
620 584 665 633 ant
683 597 748 633 novo
765 576 885 633 beneficio
902 576 980 631 locus.

196 658 267 715 Quos
288 658 400 712 mudieta
422 662 543 729 patronus
567 675 619 711 non
638 656 790 720 liberaverit,
812 654 882 709 velut
899 653 1003 711 vinclot

194 733 323 788 servitutis
334 734 443 789 attineri.
479 734 623 805 Dispiceret
635 733 741 803 quisque
753 731 850 796 merita,
859 730 981 801 tardeque

195 810 343 865 concederet
356 810 423 882 quod
438 810 525 865 datum
540 828 591 865 non
607 809 767 864 adimeretur.
802 809 868 863 Hac
883 812 1004 862 senten-6

193 886 230 940 tia
241 887 327 953 valuit,
341 888 491 959 scripsitque
508 886 591 942 Caesar
603 887 710 951 senatui,
728 886 846 957 privatim
858 883 982 955 expende-

193 968 250 1017 rent
262 983 361 1019 causam
371 965 518 1020 libertorum
527 964 644 1036 quotiens
653 964 789 1035 apatronis
799 966 980 1034 arguerentur:

193 1040 221 1094 in
233 1059 365 1096 commune
376 1042 440 1096 nihil
451 1041 608 1113 derogarent.
645 1040 702 1095 Nec
717 1040 798 1094 multo
809 1044 867 1109 post
879 1043 1002 1109 ereptus?

193 1117 276 1172 amita
291 1118 397 1173 libertus
413 1119 486 1173 Paris
504 1118 576 1189 qnasi
584 1118 642 1189 jure
654 1117 734 1182 civili,
747 1136 799 1171 non
810 1117 864 1171 sine
879 1116 982 1171 infamia

191 1194 319 1267 principis,
333 1196 405 1267 cujus
414 1196 489 1269 jussu
500 1200 673 1268 perpetratum
684 1194 849 1266 ingenuitatis
858 1193 982 1263 judicium

136 1298 138 1383 l
192 1275 348 1402 eraillanebat
366 1348 444 1403 nihilo
461 1350 544 1404 minus
563 1348 678 1420 quaedam
700 1348 784 1418 imago
807 1346 844 1401 rei
867 1345 1027 1416 publicam

191 1424 258 1479 Nam
267 1425 334 1479 inter
342 1425 479 1480 Vibullium
488 1430 622 1497 praetorem
631 1424 747 1495 etplebei
756 1423 887 1478 tribunum
895 1423 982 1477 Antis·

191 1502 255 1556 tium
281 1505 365 1556 ortum
383 1506 517 1569 certamen,
537 1502 604 1574 quod
622 1501 784 1556 immodestos
801 1500 913 1554 fautores
931 1500 983 1553 his·

191 1579 302 1633 trionum
320 1583 346 1634 ct
364 1597 379 1633 a
396 1583 503 1651 praetore
520 1580 547 1633 in
564 1579 646 1633 vincla
662 1578 752 1633 ductos
766 1577 883 1632 tribunus
898 1576 983 1631 omitti

136 1696 137 1711 t
188 1656 315 1727 jussisset.
352 1656 554 1727 Comprobavere
571 1660 664 1727 patres,
687 1656 802 1711 incusata
824 1654 932 1709 Antistii
953 1654 1004 1711 lta

135 1724 137 1796 l
191 1735 280 1790 centia.
318 1734 399 1790 Simul
417 1734 537 1806 prohibiti
554 1734 650 1790 tribuni
664 1734 708 1806 jus
725 1737 862 1805 pratorum
879 1736 906 1787 et
924 1751 982 1788 con-

191 1813 274 1866 sulum
298 1813 440 1886 praeripere,
466 1816 510 1866 aut
536 1831 625 1867 vocare
652 1831 684 1866 ex
707 1811 783 1866 Italia
805 1829 864 1866 curn
889 1810 981 1882 quibus

190 1887 246 1958 lege
270 1890 311 1960 agi
331 1895 425 1962 posset.
462 1889 568 1944 Addidit
588 1890 619 1944 Ir.
632 1889 693 1944 Piso
717 1888 864 1960 designatus
885 1887 1003 1955 consule

190 1983 223 2018 ne
241 1966 301 2034 quid
318 1967 385 2022 intra
402 1967 505 2021 domum
522 1985 568 2038 pro
586 1969 713 2038 potestate
731 1965 898 2031 adverterent,
917 1984 981 2020 nere

190 2041 297 2096 multam
309 2043 340 2099 ab
348 2045 379 2099 iis
392 2044 485 2100 dictam
499 2047 636 2116 quaestores
649 2043 730 2098 erarii
740 2043 769 2097 in
785 2042 897 2113 publicas
909 2042 982 2096 tabu-

189 2119 227 2174 las
246 2122 304 2174 ante
329 2125 450 2190 quattuor
473 2139 572 2175 menses
587 2121 735 2185 ·relerrent;
753 2119 837 2174 medio
859 2119 981 2189 temporis

189 2199 278 2251 contra
290 2195 373 2251 dicere
386 2198 481 2263 liceret,
493 2197 573 2270 deque
582 2215 612 2252 eo
622 2197 737 2252 consules
747 2200 896 2250 statuerent.
933 2197 1004 2255 Cot

188 2274 272 2330 hibita
283 2274 377 2328 arctius
389 2279 415 2330 et
424 2275 533 2330 aedilium
542 2278 663 2346 potestas,
673 2277 849 2344 statutumque
859 2277 981 2343 quantum

189 2350 298 2415 curules,
319 2355 440 2420 quantum
458 2352 547 2422 plebei,
567 2351 680 2422 pignoris
698 2354 816 2420 caperent
839 2349 879 2404 vel
901 2369 981 2422 poena

187 2429 338 2498 irrogarent.
368 2427 407 2482 Eo
419 2428 553 2482 Helvidius
560 2427 663 2482 Priscus
675 2426 793 2482 tribunus
804 2426 884 2496 plebis
896 2426 1003 2490 adver-5

189 2523 233 2558 sus
243 2503 421 2558 Obultronium
431 2504 551 2560 Sabinum
560 2504 641 2559 aerarii
651 2507 800 2574 quaestorem
808 2505 981 2559 contentiones

189 2581 303 2651 proprias
321 2581 441 2648 exercuit,
459 2585 579 2652 tanquam
595 2581 637 2651 jus
659 2581 738 2636 hastae
756 2580 876 2636 adversus
893 2583 981 2653 inopes

189 2657 352 2712 inclementer
368 2661 480 2728 augeret.
517 2659 584 2712 Dein
600 2659 716 2729 princeps
734 2676 820 2712 curam
838 2658 980 2713 tabularum

189 2733 344 2804 publicarum
354 2735 544 2805 aqueestoribus
555 2733 586 2789 ad
593 2735 726 2806 praefectos
733 2735 871 2790 transtulit.
902 2736 980 2790 Varie
987 2742 1025 2796 29

190 2810 276 2865 habita
288 2829 317 2866 ac
329 2829 395 2883 saepe
412 2815 511 2865 mutata
522 2813 575 2884 ejus
588 2813 625 2866 rei
637 2812 725 2866 forma.
763 2813 830 2866 Nam
843 2813 979 2883 Augustus

190 2889 288 2942 senatui
311 2887 425 2960 permisit
450 2887 558 2959 deligere
581 2889 732 2960 praefectos3
762 2887 852 2943 deinde
881 2888 979 2943 ambitu

191 2965 365 3037 suffragiorum
378 2965 504 3038 suspecto,
518 2967 587 3020 sorte
595 2965 752 3022 ducebantur
763 2984 796 3021 ex
803 2983 908 3020 numero
917 2983 981 3037 pue·
