2550 3500
298 370 343 417 ¹1⁰
451 362 453 369 Α
625 374 746 426 mm
900 436 929 482 [a
944 434 964 471 u
980 433 997 471 o
1013 433 1050 475 tta
1067 435 1079 472 a

266 521 269 530 .
297 480 405 551 speciem
423 482 504 554 magis
523 483 549 537 in
567 484 677 539 uniatis
693 484 814 555 principis
832 503 907 554 quam
924 484 976 537 vim
992 465 1085 538 tendit.

276 555 379 629 '1'quue
391 562 418 613 et
429 558 565 615 Maecenati
577 562 709 626 acciderat,
723 562 777 616 fato
788 562 909 633 potentie
920 578 978 615 raro
996 562 1087 631 sempi-

297 641 386 701 ternae,
399 654 432 690 an
443 638 520 691 satias
532 639 599 708 capit
617 643 663 695 aut
678 640 742 704 illos,
755 657 814 693 cum
832 640 918 693 omnia
932 637 1086 703 tribuerunt,

299 716 344 767 eut
356 712 409 777 hoe,
422 708 480 769 cum
489 714 542 784 jam
553 715 616 773 nihil
627 716 753 786 reliquum
764 720 804 770 est
816 715 883 786 quod
895 715 1006 785 cupiant.

254 792 289 845 al
335 790 454 860 Sequitur
466 792 560 847 Tiberii
571 797 685 863 quartus,
699 793 779 847 Drusi
794 792 920 848 secundus
932 791 1086 857 consulatus,

226 867 379 998 Afflgtris
391 874 467 957 atque
488 868 663 1001 ffiibbouigib
673 870 787 1001 insignis.
823 870 891 924 Nam
908 869 1088 1002 biimolantuste

242 962 803 1111 1232ngqulssssllilactllssaussmlcffigsmfuesslff
813 965 1089 1094 ndidsegbibiindipio

299 1098 422 1165 Tiberina,
436 1100 507 1169 quasi
524 1100 653 1155 firmandas
663 1101 803 1165 valitudini,
815 1101 844 1155 in
855 1101 1018 1170 Campaniam
1030 1118 1089 1155 oon·

299 1176 384 1241 cessit,
397 1176 498 1247 longam
514 1180 540 1231 et
558 1178 703 1231 continuam
719 1178 858 1232 absentiam
873 1178 995 1248 paulatim
1011 1178 1089 1232 medi-

300 1258 365 1319 taos,
387 1254 439 1309 sive
462 1259 493 1311 ut
513 1261 597 1311 amoto
620 1260 693 1327 patre
713 1257 814 1311 Dmsus
837 1257 924 1310 munia
942 1256 1089 1311 consulatus

280 1331 369 1387 taolus
381 1332 504 1403 impleret.
540 1338 578 1388 Ac
596 1333 664 1387 forte
681 1352 758 1404 parva
772 1352 821 1399 ree,
834 1352 954 1405 magnum
965 1332 998 1387 ad
1008 1338 1089 1387 certa

300 1426 359 1463 men
370 1427 510 1481 progressa,
520 1410 627 1481 prebuit
636 1410 726 1481 juveni
737 1411 867 1465 materiem
879 1410 1007 1481 apiscendi
1017 1411 1089 1464 iuro-

278 1484 344 1540 4ris.
379 1486 508 1541 Domitius
529 1487 648 1552 Corbulo,
667 1491 777 1557 pratura
795 1487 908 1552 functus
930 1486 962 1542 de
978 1487 1010 1542 L.
1018 1487 1090 1541 Sulla

299 1562 378 1617 nobili
388 1564 481 1634 juvene
493 1567 598 1634 questus
610 1573 651 1619 est
663 1564 730 1635 apud
742 1569 865 1629 senatum,
879 1563 948 1635 quod
959 1564 1008 1619 sibi
1019 1564 1087 1619 inter

280 1640 444 1710 oapcctacula
454 1640 621 1711 gladiatorum
632 1641 688 1696 loco
703 1660 755 1695 non
771 1641 928 1696 decessisset.
963 1642 1015 1696 Pro
1027 1642 1089 1696 Gor-

301 1717 393 1773 bulone
404 1716 473 1784 atas,
483 1718 580 1789 patrius
592 1736 655 1784 mos,
665 1719 751 1775 studia
762 1720 887 1775 seniorum
900 1723 982 1774 erant:
1000 1723 1090 1775 oontra

300 1794 445 1849 Mamercus
456 1797 566 1850 Scaurus
575 1799 602 1850 et
610 1796 643 1850 L.
653 1798 791 1851 Ammtius
804 1797 894 1867 aliique
903 1797 979 1852 Sulla
988 1797 1090 1868 pmpiu·

280 1871 345 1942 oqui
356 1871 509 1927 nitebantur.
546 1872 734 1944 Certabantque
745 1874 911 1940 orationibus;
930 1878 957 1928 et
968 1892 1089 1928 memora

301 1948 395 2005 bantur
411 1949 525 2020 exempla
541 1949 671 2020 majorum,
684 1950 729 2021 qui
741 1951 884 2022 juventutis
900 1951 1090 2005 irreverentiam

302 2025 422 2098 gravibus
439 2025 547 2082 decretis
563 2027 727 2093 notavissent,
740 2027 820 2083 donee
831 2028 932 2082 Drusus
948 2032 1008 2098 apta
1023 2031 1090 2082 tem·

301 2103 418 2176 parandis
430 2104 519 2159 animis
532 2103 667 2172 dissenut3
686 2109 713 2160 et
724 2105 883 2160 satisfactum
895 2104 1033 2160 Corbuloni
1044 2123 1090 2176 per

303 2181 469 2246 Mamercum,
491 2181 535 2252 qui
553 2185 659 2252 patruus
678 2181 754 2237 simul
776 2200 806 2238 ao
828 2182 934 2238 vitricum
958 2181 1042 2247 Sulla,
1063 2185 1090 2236 et

235 2281 237 2286 ·
278 2261 429 2316 donatorum
452 2276 483 2312 aa
505 2262 581 2314 catate
603 2258 745 2313 uberrimus
768 2263 831 2314 erat.
873 2258 945 2314 Idem
969 2258 1089 2323 Corbulo,

301 2335 410 2406 plurima
421 2354 466 2406 per
477 2334 578 2390 Italiam
590 2335 682 2390 itinera
694 2335 782 2390 frande
793 2337 937 2406 mancipum
954 2341 981 2390 et
993 2336 1091 2390 incuria

300 2411 495 2483 magistratuum
506 2412 650 2483 interrupta
655 2416 682 2468 et
691 2412 813 2479 impervia
819 2411 978 2478 clamitando,
987 2431 1094 2468 exsecu-

300 2488 395 2543 tionem
408 2489 463 2560 cjua
478 2490 575 2560 nogotii
586 2489 667 2544 libens
683 2489 811 2560 suscepit,
828 2489 896 2560 quod
905 2489 973 2544 haud
984 2489 1090 2561 perinde

300 2564 400 2636 publice
417 2565 476 2620 usui
495 2565 609 2621 habitum
626 2585 702 2637 quam
719 2566 854 2621 exitiosum
871 2567 967 2631 multis,
983 2585 1092 2637 quorum

300 2641 328 2697 iu
343 2642 474 2712 pecnnimn
491 2647 568 2714 atqua
582 2643 675 2698 famma
691 2642 893 2698 damnationibus
910 2648 938 2698 et
955 2644 1030 2698 basta
1046 2663 1091 2699 aaa

257 2718 428 2859 82mddbiiue
439 2787 519 2842 multo
530 2790 589 2858 post
600 2787 684 2842 missis
695 2787 728 2842 ad
739 2793 857 2844 senatum
870 2789 963 2844 litteris
974 2789 1092 2845 Tiberim

304 2871 399 2922 motam
421 2884 521 2920 rursum
545 2864 660 2919 Africam
682 2865 787 2921 incursu
809 2866 976 2922 Tacfarinatis
995 2866 1090 2933 docuit,

302 2943 448 3016 judicioque
460 2946 561 3014 patrum
573 2941 733 3014 deligendum
745 2962 791 3015 pro
802 2943 906 2999 consule
921 2962 1030 3015 gnarum
1039 2945 1091 3000 mi
