<?xml version="1.0" encoding="UTF-8"?>
<!DOCTYPE html PUBLIC "-//W3C//DTD XHTML 1.0 Transitional//EN"
    "http://www.w3.org/TR/xhtml1/DTD/xhtml1-transitional.dtd">
<html xmlns="http://www.w3.org/1999/xhtml" xml:lang="en" lang="en">
 <head>
  <title>
</title>
<meta http-equiv="Content-Type" content="text/html;charset=utf-8" />
  <meta name='ocr-system' content='tesseract 3.04.00' />
  <meta name='ocr-capabilities' content='ocr_page ocr_carea ocr_par ocr_line ocrx_word'/>
</head>
<body>
  <div class='ocr_page' id='page_1' title='image "./operaomniaadfid01tacigoog_0326.png"; bbox 0 0 2550 3500; ppageno 0'>
   <div class='ocr_carea' id='block_1_1' title="bbox 313 380 1104 491">
    <p class='ocr_par' dir='ltr' id='par_1_1' title="bbox 313 380 1104 491">
     <span class='ocr_line' id='line_1_1' title="bbox 313 380 764 429; baseline 0.004 -2"><span class='ocrx_word' id='word_1_1' title='bbox 313 380 361 427; x_wconf 72' lang='lat'>32⁰</span> <span class='ocrx_word' id='word_1_2' title='bbox 645 380 764 429; x_wconf 72' lang='lat' dir='ltr'>&#39;raom</span> 
     </span>
     <span class='ocr_line' id='line_1_2' title="bbox 945 440 1104 491; baseline 0.013 -10"><span class='ocrx_word' id='word_1_3' title='bbox 945 440 1104 491; x_wconf 65' lang='lat' dir='ltr'>mecm.</span> 
     </span>
    </p>
   </div>
   <div class='ocr_carea' id='block_1_2' title="bbox 291 489 1135 725">
    <p class='ocr_par' dir='ltr' id='par_1_2' title="bbox 291 459 1135 725">
     <span class='ocr_line' id='line_1_3' title="bbox 291 489 1104 563; baseline 0.002 -18"><span class='ocrx_word' id='word_1_4' title='bbox 291 489 682 563; x_wconf 76' lang='lat' dir='ltr'>dcbseseumexpugnatumque.</span> <span class='ocrx_word' id='word_1_5' title='bbox 717 491 1104 557; x_wconf 76' lang='lat' dir='ltr'>ditrictorBritannus,Petilio</span> 
     </span>
     <span class='ocr_line' id='line_1_4' title="bbox 313 566 1135 669; baseline 0.002 -47"><span class='ocrx_word' id='word_1_6' title='bbox 313 568 405 656; x_wconf 79' lang='lat' dir='ltr'>Ceriali</span> <span class='ocrx_word' id='word_1_7' title='bbox 427 568 511 655; x_wconf 77' lang='lat' dir='ltr'>legato</span> <span class='ocrx_word' id='word_1_8' title='bbox 533 566 639 655; x_wconf 68' lang='lat' dir='ltr'>legions</span> <span class='ocrx_word' id='word_1_9' title='bbox 659 586 731 623; x_wconf 78' lang='lat' dir='ltr'>nona</span> <span class='ocrx_word' id='word_1_10' title='bbox 748 569 776 623; x_wconf 91' lang='lat' dir='ltr'>in</span> <span class='ocrx_word' id='word_1_11' title='bbox 793 567 932 656; x_wconf 77' lang='lat' dir='ltr'>subsidium</span> <span class='ocrx_word' id='word_1_12' title='bbox 953 568 1106 657; x_wconf 76' lang='lat' dir='ltr'>adventauti</span> <span class='ocrx_word' id='word_1_13' title='bbox 1134 580 1135 669; x_wconf 51' lang='lat' dir='ltr'>p</span> 
     </span>
     <span class='ocr_line' id='line_1_5' title="bbox 312 643 1135 725; baseline 0.002 -26"><span class='ocrx_word' id='word_1_14' title='bbox 312 644 409 710; x_wconf 78' lang='lat' dir='ltr'>obvius,</span> <span class='ocrx_word' id='word_1_15' title='bbox 428 644 495 698; x_wconf 79' lang='lat' dir='ltr'>fudit</span> <span class='ocrx_word' id='word_1_16' title='bbox 516 643 647 714; x_wconf 80' lang='lat' dir='ltr'>legionem,</span> <span class='ocrx_word' id='word_1_17' title='bbox 666 648 692 700; x_wconf 91' lang='lat' dir='ltr'>et</span> <span class='ocrx_word' id='word_1_18' title='bbox 716 644 784 717; x_wconf 92' lang='lat' dir='ltr'>quod</span> <span class='ocrx_word' id='word_1_19' title='bbox 806 644 927 716; x_wconf 82' lang='lat' dir='ltr'>peditum,</span> <span class='ocrx_word' id='word_1_20' title='bbox 951 645 1104 702; x_wconf 83' lang='lat' dir='ltr'>mterfccrt:</span> <span class='ocrx_word' id='word_1_21' title='bbox 1134 674 1135 725; x_wconf 38' lang='lat' dir='ltr'>p</span> 
     </span>
    </p>
   </div>
   <div class='ocr_carea' id='block_1_3' title="bbox 259 720 1138 3021">
    <p class='ocr_par' dir='ltr' id='par_1_3' title="bbox 259 720 1138 3021">
     <span class='ocr_line' id='line_1_6' title="bbox 312 720 1136 791; baseline 0.002 -15"><span class='ocrx_word' id='word_1_22' title='bbox 312 722 416 776; x_wconf 80' lang='lat' dir='ltr'>Cerialis</span> <span class='ocrx_word' id='word_1_23' title='bbox 431 739 488 776; x_wconf 91' lang='lat' dir='ltr'>cum</span> <span class='ocrx_word' id='word_1_24' title='bbox 504 720 631 791; x_wconf 88' lang='lat' dir='ltr'>equitibus</span> <span class='ocrx_word' id='word_1_25' title='bbox 649 722 728 777; x_wconf 83' lang='lat' dir='ltr'>evasit</span> <span class='ocrx_word' id='word_1_26' title='bbox 742 722 769 777; x_wconf 91' lang='lat' dir='ltr'>in</span> <span class='ocrx_word' id='word_1_27' title='bbox 786 726 876 787; x_wconf 82' lang='lat' dir='ltr'>castra,</span> <span class='ocrx_word' id='word_1_28' title='bbox 892 724 918 776; x_wconf 91' lang='lat' dir='ltr'>et</span> <span class='ocrx_word' id='word_1_29' title='bbox 935 722 1105 779; x_wconf 86' lang='lat' dir='ltr'>munimentis</span> <span class='ocrx_word' id='word_1_30' title='bbox 1135 779 1136 791; x_wconf 51' lang='grc'>,</span> 
     </span>
     <span class='ocr_line' id='line_1_7' title="bbox 290 796 1136 869; baseline 0 -16"><span class='ocrx_word' id='word_1_31' title='bbox 290 797 428 859; x_wconf 66' lang='lat' dir='ltr'>idefonsus</span> <span class='ocrx_word' id='word_1_32' title='bbox 440 800 489 852; x_wconf 91' lang='lat' dir='ltr'>est.</span> <span class='ocrx_word' id='word_1_33' title='bbox 525 797 585 856; x_wconf 79' lang='lat' dir='ltr'>Qua</span> <span class='ocrx_word' id='word_1_34' title='bbox 601 798 671 853; x_wconf 89' lang='lat' dir='ltr'>clade</span> <span class='ocrx_word' id='word_1_35' title='bbox 683 802 709 853; x_wconf 89' lang='lat' dir='ltr'>et</span> <span class='ocrx_word' id='word_1_36' title='bbox 725 798 789 853; x_wconf 93' lang='lat' dir='ltr'>odiis</span> <span class='ocrx_word' id='word_1_37' title='bbox 801 798 941 869; x_wconf 84' lang='lat' dir='ltr'>provinciae,</span> <span class='ocrx_word' id='word_1_38' title='bbox 955 817 1032 869; x_wconf 90' lang='lat' dir='ltr'>quam</span> <span class='ocrx_word' id='word_1_39' title='bbox 1045 818 1105 854; x_wconf 88' lang='lat' dir='ltr'>ava·</span> <span class='ocrx_word' id='word_1_40' title='bbox 1135 796 1136 845; x_wconf 80' lang='grc' dir='ltr'>ἶ</span> 
     </span>
     <span class='ocr_line' id='line_1_8' title="bbox 311 874 1136 946; baseline 0.002 -17"><span class='ocrx_word' id='word_1_41' title='bbox 311 876 370 929; x_wconf 90' lang='lat' dir='ltr'>ritia</span> <span class='ocrx_word' id='word_1_42' title='bbox 380 875 408 929; x_wconf 92' lang='lat' dir='ltr'>in</span> <span class='ocrx_word' id='word_1_43' title='bbox 418 874 510 929; x_wconf 91' lang='lat' dir='ltr'>bellum</span> <span class='ocrx_word' id='word_1_44' title='bbox 523 877 616 945; x_wconf 82' lang='lat' dir='ltr'>egerat,</span> <span class='ocrx_word' id='word_1_45' title='bbox 630 874 745 946; x_wconf 91' lang='lat' dir='ltr'>trepidus</span> <span class='ocrx_word' id='word_1_46' title='bbox 756 879 904 946; x_wconf 90' lang='lat' dir='ltr'>procurator</span> <span class='ocrx_word' id='word_1_47' title='bbox 914 875 993 929; x_wconf 87' lang='lat' dir='ltr'>Catus</span> <span class='ocrx_word' id='word_1_48' title='bbox 1003 876 1030 929; x_wconf 93' lang='lat' dir='ltr'>in</span> <span class='ocrx_word' id='word_1_49' title='bbox 1043 877 1104 931; x_wconf 89' lang='lat' dir='ltr'>Gal·</span> <span class='ocrx_word' id='word_1_50' title='bbox 1135 884 1136 887; x_wconf 78' lang='grc'>’</span> 
     </span>
     <span class='ocr_line' id='line_1_9' title="bbox 267 908 1136 1009; baseline 0.005 -3"><span class='ocrx_word' id='word_1_51' title='bbox 267 950 484 1006; x_wconf 69' lang='lat' dir='ltr'>titiliamtransiit.</span> <span class='ocrx_word' id='word_1_52' title='bbox 516 952 553 1006; x_wconf 81' lang='lat' dir='ltr'>At</span> <span class='ocrx_word' id='word_1_53' title='bbox 563 950 698 1006; x_wconf 85' lang='lat' dir='ltr'>Suetonius</span> <span class='ocrx_word' id='word_1_54' title='bbox 707 951 1103 1009; x_wconf 88' lang='lat' dir='ltr'>miraeonstantiamediosinter</span> <span class='ocrx_word' id='word_1_55' title='bbox 1134 908 1136 1009; x_wconf 82' lang='lat' dir='ltr'>l</span> 
     </span>
     <span class='ocr_line' id='line_1_10' title="bbox 310 1027 1102 1099; baseline 0.003 -16"><span class='ocrx_word' id='word_1_56' title='bbox 310 1029 397 1083; x_wconf 89' lang='lat' dir='ltr'>hostes</span> <span class='ocrx_word' id='word_1_57' title='bbox 412 1027 566 1082; x_wconf 85' lang='lat' dir='ltr'><strong>Londinium</strong></span> <span class='ocrx_word' id='word_1_58' title='bbox 584 1028 703 1097; x_wconf 88' lang='lat' dir='ltr'>perrexit,</span> <span class='ocrx_word' id='word_1_59' title='bbox 723 1032 889 1099; x_wconf 88' lang='lat' dir='ltr'>cognomento</span> <span class='ocrx_word' id='word_1_60' title='bbox 910 1028 1010 1099; x_wconf 90' lang='lat' dir='ltr'>quidem</span> <span class='ocrx_word' id='word_1_61' title='bbox 1031 1030 1102 1085; x_wconf 92' lang='lat' dir='ltr'>colo-</span> 
     </span>
     <span class='ocr_line' id='line_1_11' title="bbox 308 1103 1099 1177; baseline 0.003 -18"><span class='ocrx_word' id='word_1_62' title='bbox 308 1104 358 1159; x_wconf 77' lang='lat' dir='ltr'>niae</span> <span class='ocrx_word' id='word_1_63' title='bbox 368 1122 419 1159; x_wconf 89' lang='lat' dir='ltr'>non</span> <span class='ocrx_word' id='word_1_64' title='bbox 427 1104 533 1175; x_wconf 87' lang='lat' dir='ltr'>insigne,</span> <span class='ocrx_word' id='word_1_65' title='bbox 542 1103 586 1159; x_wconf 91' lang='lat' dir='ltr'>sed</span> <span class='ocrx_word' id='word_1_66' title='bbox 595 1105 667 1176; x_wconf 88' lang='lat' dir='ltr'>copia</span> <span class='ocrx_word' id='word_1_67' title='bbox 675 1106 860 1177; x_wconf 72' lang='lat' dir='ltr'>negotiatorum</span> <span class='ocrx_word' id='word_1_68' title='bbox 872 1109 898 1159; x_wconf 89' lang='lat' dir='ltr'>et</span> <span class='ocrx_word' id='word_1_69' title='bbox 910 1110 1099 1162; x_wconf 79' lang='lat' dir='ltr'>commeatuum</span> 
     </span>
     <span class='ocr_line' id='line_1_12' title="bbox 288 1180 1099 1253; baseline -0.001 -15"><span class='ocrx_word' id='word_1_70' title='bbox 288 1181 416 1238; x_wconf 69' lang='lat' dir='ltr'>tmaxime</span> <span class='ocrx_word' id='word_1_71' title='bbox 433 1181 537 1236; x_wconf 89' lang='lat' dir='ltr'>celebre.</span> <span class='ocrx_word' id='word_1_72' title='bbox 573 1180 615 1236; x_wconf 92' lang='lat' dir='ltr'>Ibi</span> <span class='ocrx_word' id='word_1_73' title='bbox 633 1180 766 1253; x_wconf 84' lang='lat' dir='ltr'>ambiguus</span> <span class='ocrx_word' id='word_1_74' title='bbox 789 1200 822 1235; x_wconf 92' lang='lat' dir='ltr'>an</span> <span class='ocrx_word' id='word_1_75' title='bbox 844 1180 912 1236; x_wconf 88' lang='lat' dir='ltr'>illam</span> <span class='ocrx_word' id='word_1_76' title='bbox 930 1181 1014 1237; x_wconf 88' lang='lat' dir='ltr'>sedem</span> <span class='ocrx_word' id='word_1_77' title='bbox 1032 1182 1099 1237; x_wconf 88' lang='lat' dir='ltr'>bello</span> 
     </span>
     <span class='ocr_line' id='line_1_13' title="bbox 309 1258 1098 1331; baseline 0.003 -18"><span class='ocrx_word' id='word_1_78' title='bbox 309 1258 438 1330; x_wconf 84' lang='lat' dir='ltr'>deligeret,</span> <span class='ocrx_word' id='word_1_79' title='bbox 462 1258 644 1328; x_wconf 86' lang='lat' dir='ltr'>circumspecta</span> <span class='ocrx_word' id='word_1_80' title='bbox 671 1258 841 1328; x_wconf 76' lang='lat' dir='ltr'>infrequentia</span> <span class='ocrx_word' id='word_1_81' title='bbox 865 1258 960 1324; x_wconf 90' lang='lat' dir='ltr'>militis,</span> <span class='ocrx_word' id='word_1_82' title='bbox 984 1260 1098 1331; x_wconf 88' lang='lat' dir='ltr'>satisque</span> 
     </span>
     <span class='ocr_line' id='line_1_14' title="bbox 307 1334 1096 1407; baseline 0.003 -18"><span class='ocrx_word' id='word_1_83' title='bbox 307 1335 406 1407; x_wconf 82' lang='lat' dir='ltr'>magnis</span> <span class='ocrx_word' id='word_1_84' title='bbox 418 1334 574 1391; x_wconf 80' lang='lat' dir='ltr'>documentis</span> <span class='ocrx_word' id='word_1_85' title='bbox 585 1334 755 1389; x_wconf 84' lang='lat' dir='ltr'>temeritatem</span> <span class='ocrx_word' id='word_1_86' title='bbox 766 1334 853 1389; x_wconf 90' lang='lat' dir='ltr'>Petilii</span> <span class='ocrx_word' id='word_1_87' title='bbox 864 1336 1007 1402; x_wconf 76' lang='lat' dir='ltr'>coircitam,</span> <span class='ocrx_word' id='word_1_88' title='bbox 1020 1338 1096 1391; x_wconf 89' lang='lat' dir='ltr'>unius</span> 
     </span>
     <span class='ocr_line' id='line_1_15' title="bbox 286 1411 1138 1484; baseline 0.002 -17"><span class='ocrx_word' id='word_1_89' title='bbox 286 1412 394 1484; x_wconf 82' lang='lat' dir='ltr'>soppidi</span> <span class='ocrx_word' id='word_1_90' title='bbox 405 1411 496 1467; x_wconf 88' lang='lat' dir='ltr'>damno</span> <span class='ocrx_word' id='word_1_91' title='bbox 509 1429 609 1467; x_wconf 81' lang='lat' dir='ltr'>servare</span> <span class='ocrx_word' id='word_1_92' title='bbox 623 1411 741 1466; x_wconf 81' lang='lat' dir='ltr'>universa</span> <span class='ocrx_word' id='word_1_93' title='bbox 756 1412 855 1467; x_wconf 81' lang='lat' dir='ltr'>statuit.</span> <span class='ocrx_word' id='word_1_94' title='bbox 891 1411 982 1483; x_wconf 88' lang='lat' dir='ltr'>Neque</span> <span class='ocrx_word' id='word_1_95' title='bbox 994 1413 1058 1468; x_wconf 86' lang='lat' dir='ltr'>fletu</span> <span class='ocrx_word' id='word_1_96' title='bbox 1070 1418 1096 1469; x_wconf 91' lang='lat' dir='ltr'>et</span> <span class='ocrx_word' id='word_1_97' title='bbox 1137 1414 1138 1475; x_wconf 81' lang='lat' dir='ltr'>l</span> 
     </span>
     <span class='ocr_line' id='line_1_16' title="bbox 306 1488 1096 1561; baseline 0.001 -16"><span class='ocrx_word' id='word_1_98' title='bbox 306 1490 417 1545; x_wconf 76' lang='lat' dir='ltr'>lacrimis</span> <span class='ocrx_word' id='word_1_99' title='bbox 431 1489 552 1544; x_wconf 91' lang='lat' dir='ltr'>auxilium</span> <span class='ocrx_word' id='word_1_100' title='bbox 567 1488 623 1559; x_wconf 82' lang='lat' dir='ltr'>ejus</span> <span class='ocrx_word' id='word_1_101' title='bbox 642 1489 768 1543; x_wconf 82' lang='lat' dir='ltr'>orantium</span> <span class='ocrx_word' id='word_1_102' title='bbox 785 1489 865 1544; x_wconf 86' lang='lat' dir='ltr'>flexus</span> <span class='ocrx_word' id='word_1_103' title='bbox 881 1492 928 1554; x_wconf 91' lang='lat' dir='ltr'>est,</span> <span class='ocrx_word' id='word_1_104' title='bbox 946 1490 1008 1561; x_wconf 90' lang='lat' dir='ltr'>quin</span> <span class='ocrx_word' id='word_1_105' title='bbox 1023 1490 1096 1546; x_wconf 88' lang='lat' dir='ltr'>daret</span> 
     </span>
     <span class='ocr_line' id='line_1_17' title="bbox 307 1565 1095 1638; baseline 0.003 -17"><span class='ocrx_word' id='word_1_106' title='bbox 307 1566 469 1637; x_wconf 89' lang='lat' dir='ltr'>profectionis</span> <span class='ocrx_word' id='word_1_107' title='bbox 486 1566 594 1637; x_wconf 84' lang='lat' dir='ltr'>signum,</span> <span class='ocrx_word' id='word_1_108' title='bbox 616 1569 643 1619; x_wconf 89' lang='lat' dir='ltr'>et</span> <span class='ocrx_word' id='word_1_109' title='bbox 661 1566 810 1620; x_wconf 84' lang='lat' dir='ltr'>comitantes</span> <span class='ocrx_word' id='word_1_110' title='bbox 827 1565 855 1620; x_wconf 93' lang='lat' dir='ltr'>in</span> <span class='ocrx_word' id='word_1_111' title='bbox 872 1570 969 1637; x_wconf 92' lang='lat' dir='ltr'>partem</span> <span class='ocrx_word' id='word_1_112' title='bbox 987 1569 1095 1638; x_wconf 87' lang='lat' dir='ltr'>agminis</span> 
     </span>
     <span class='ocr_line' id='line_1_18' title="bbox 284 1642 1094 1715; baseline 0 -14"><span class='ocrx_word' id='word_1_113' title='bbox 284 1644 439 1715; x_wconf 84' lang='lat' dir='ltr'>4acciperet.</span> <span class='ocrx_word' id='word_1_114' title='bbox 475 1644 503 1698; x_wconf 84' lang='lat' dir='ltr'>Si</span> <span class='ocrx_word' id='word_1_115' title='bbox 521 1660 584 1714; x_wconf 88' lang='lat' dir='ltr'>quos</span> <span class='ocrx_word' id='word_1_116' title='bbox 601 1642 708 1697; x_wconf 89' lang='lat' dir='ltr'>imbellis</span> <span class='ocrx_word' id='word_1_117' title='bbox 726 1660 802 1697; x_wconf 89' lang='lat' dir='ltr'>sexus</span> <span class='ocrx_word' id='word_1_118' title='bbox 819 1647 864 1697; x_wconf 86' lang='lat' dir='ltr'>aut</span> <span class='ocrx_word' id='word_1_119' title='bbox 881 1642 949 1697; x_wconf 87' lang='lat' dir='ltr'>fessa</span> <span class='ocrx_word' id='word_1_120' title='bbox 972 1649 1033 1699; x_wconf 87' lang='lat' dir='ltr'>setas</span> <span class='ocrx_word' id='word_1_121' title='bbox 1054 1646 1094 1701; x_wconf 86' lang='lat' dir='ltr'>vel</span> 
     </span>
     <span class='ocr_line' id='line_1_19' title="bbox 305 1718 1094 1791; baseline 0.003 -15"><span class='ocrx_word' id='word_1_122' title='bbox 305 1720 355 1776; x_wconf 90' lang='lat' dir='ltr'>loci</span> <span class='ocrx_word' id='word_1_123' title='bbox 366 1719 470 1777; x_wconf 89' lang='lat' dir='ltr'>dulcedo</span> <span class='ocrx_word' id='word_1_124' title='bbox 482 1720 627 1788; x_wconf 84' lang='lat' dir='ltr'>attinuerat,</span> <span class='ocrx_word' id='word_1_125' title='bbox 640 1718 672 1776; x_wconf 91' lang='lat' dir='ltr'>ab</span> <span class='ocrx_word' id='word_1_126' title='bbox 684 1718 757 1775; x_wconf 88' lang='lat' dir='ltr'>hoste</span> <span class='ocrx_word' id='word_1_127' title='bbox 769 1718 882 1791; x_wconf 85' lang='lat' dir='ltr'>oppressi</span> <span class='ocrx_word' id='word_1_128' title='bbox 894 1722 961 1775; x_wconf 90' lang='lat' dir='ltr'>aunt.</span> <span class='ocrx_word' id='word_1_129' title='bbox 997 1720 1094 1778; x_wconf 83' lang='lat' dir='ltr'>Eadem</span> 
     </span>
     <span class='ocr_line' id='line_1_20' title="bbox 306 1796 1093 1868; baseline 0.004 -16"><span class='ocrx_word' id='word_1_130' title='bbox 306 1797 388 1852; x_wconf 88' lang='lat' dir='ltr'>clades</span> <span class='ocrx_word' id='word_1_131' title='bbox 406 1796 540 1867; x_wconf 91' lang='lat' dir='ltr'>municipio</span> <span class='ocrx_word' id='word_1_132' title='bbox 560 1796 706 1852; x_wconf 86' lang='lat' dir='ltr'>Verulamio</span> <span class='ocrx_word' id='word_1_133' title='bbox 725 1796 783 1862; x_wconf 92' lang='lat' dir='ltr'>fuit,</span> <span class='ocrx_word' id='word_1_134' title='bbox 802 1799 861 1868; x_wconf 87' lang='lat' dir='ltr'>quia</span> <span class='ocrx_word' id='word_1_135' title='bbox 878 1796 977 1852; x_wconf 88' lang='lat' dir='ltr'>barbari</span> <span class='ocrx_word' id='word_1_136' title='bbox 994 1799 1093 1855; x_wconf 88' lang='lat' dir='ltr'>omissis</span> 
     </span>
     <span class='ocr_line' id='line_1_21' title="bbox 305 1873 1093 1948; baseline 0.003 -20"><span class='ocrx_word' id='word_1_137' title='bbox 305 1873 414 1929; x_wconf 86' lang='lat' dir='ltr'>castellis</span> <span class='ocrx_word' id='word_1_138' title='bbox 431 1873 601 1944; x_wconf 72' lang='lat' dir='ltr'>presidiisque</span> <span class='ocrx_word' id='word_1_139' title='bbox 621 1873 774 1938; x_wconf 83' lang='lat' dir='ltr'>militarium,</span> <span class='ocrx_word' id='word_1_140' title='bbox 788 1873 856 1944; x_wconf 91' lang='lat' dir='ltr'>quod</span> <span class='ocrx_word' id='word_1_141' title='bbox 868 1873 1019 1929; x_wconf 86' lang='lat' dir='ltr'>uberrimum</span> <span class='ocrx_word' id='word_1_142' title='bbox 1038 1895 1093 1948; x_wconf 76' lang='lat' dir='ltr'>ape</span> 
     </span>
     <span class='ocr_line' id='line_1_22' title="bbox 304 1949 1092 2022; baseline 0.005 -17"><span class='ocrx_word' id='word_1_143' title='bbox 304 1950 376 2005; x_wconf 87' lang='lat' dir='ltr'>linnti</span> <span class='ocrx_word' id='word_1_144' title='bbox 390 1958 417 2005; x_wconf 92' lang='lat' dir='ltr'>et</span> <span class='ocrx_word' id='word_1_145' title='bbox 432 1949 624 2005; x_wconf 82' lang='lat' dir='ltr'>defendentibus</span> <span class='ocrx_word' id='word_1_146' title='bbox 641 1950 762 2016; x_wconf 86' lang='lat' dir='ltr'>intutum,</span> <span class='ocrx_word' id='word_1_147' title='bbox 780 1950 832 2006; x_wconf 81' lang='lat' dir='ltr'>lati</span> <span class='ocrx_word' id='word_1_148' title='bbox 843 1950 927 2022; x_wconf 82' lang='lat' dir='ltr'>prada</span> <span class='ocrx_word' id='word_1_149' title='bbox 944 1954 971 2006; x_wconf 93' lang='lat' dir='ltr'>et</span> <span class='ocrx_word' id='word_1_150' title='bbox 987 1951 1092 2009; x_wconf 88' lang='lat' dir='ltr'>aliorum</span> 
     </span>
     <span class='ocr_line' id='line_1_23' title="bbox 283 2027 1092 2100; baseline 0.004 -17"><span class='ocrx_word' id='word_1_151' title='bbox 283 2037 395 2100; x_wconf 80' lang='lat' dir='ltr'>tsegnes</span> <span class='ocrx_word' id='word_1_152' title='bbox 422 2027 550 2100; x_wconf 90' lang='lat' dir='ltr'>petebant.</span> <span class='ocrx_word' id='word_1_153' title='bbox 592 2027 635 2081; x_wconf 87' lang='lat' dir='ltr'>Ad</span> <span class='ocrx_word' id='word_1_154' title='bbox 662 2027 824 2099; x_wconf 76' lang='lat' dir='ltr'>septuaginta</span> <span class='ocrx_word' id='word_1_155' title='bbox 846 2027 924 2081; x_wconf 89' lang='lat' dir='ltr'>millia</span> <span class='ocrx_word' id='word_1_156' title='bbox 946 2028 1040 2084; x_wconf 86' lang='lat' dir='ltr'>civium</span> <span class='ocrx_word' id='word_1_157' title='bbox 1066 2035 1092 2086; x_wconf 88' lang='lat' dir='ltr'>et</span> 
     </span>
     <span class='ocr_line' id='line_1_24' title="bbox 305 2103 1090 2176; baseline 0.003 -16"><span class='ocrx_word' id='word_1_158' title='bbox 305 2106 429 2160; x_wconf 89' lang='lat' dir='ltr'>scciomm</span> <span class='ocrx_word' id='word_1_159' title='bbox 448 2105 480 2160; x_wconf 88' lang='lat' dir='ltr'>iia</span> <span class='ocrx_word' id='word_1_160' title='bbox 502 2123 558 2176; x_wconf 83' lang='lat' dir='ltr'>qua</span> <span class='ocrx_word' id='word_1_161' title='bbox 581 2105 717 2159; x_wconf 86' lang='lat' dir='ltr'>memorari</span> <span class='ocrx_word' id='word_1_162' title='bbox 739 2104 801 2160; x_wconf 88' lang='lat' dir='ltr'>loeis</span> <span class='ocrx_word' id='word_1_163' title='bbox 825 2103 944 2159; x_wconf 87' lang='lat' dir='ltr'>occidisse</span> <span class='ocrx_word' id='word_1_164' title='bbox 968 2106 1090 2162; x_wconf 90' lang='lat' dir='ltr'>constitit.</span> 
     </span>
     <span class='ocr_line' id='line_1_25' title="bbox 282 2179 1092 2254; baseline -0.001 -14"><span class='ocrx_word' id='word_1_165' title='bbox 282 2183 396 2254; x_wconf 86' lang='lat' dir='ltr'>6Neque</span> <span class='ocrx_word' id='word_1_166' title='bbox 411 2182 478 2238; x_wconf 89' lang='lat' dir='ltr'>enim</span> <span class='ocrx_word' id='word_1_167' title='bbox 494 2199 583 2253; x_wconf 88' lang='lat' dir='ltr'>capere</span> <span class='ocrx_word' id='word_1_168' title='bbox 598 2184 644 2236; x_wconf 88' lang='lat' dir='ltr'>aut</span> <span class='ocrx_word' id='word_1_169' title='bbox 661 2180 812 2247; x_wconf 85' lang='lat' dir='ltr'>venundare,</span> <span class='ocrx_word' id='word_1_170' title='bbox 831 2179 931 2236; x_wconf 84' lang='lat' dir='ltr'>aliudve</span> <span class='ocrx_word' id='word_1_171' title='bbox 948 2181 1016 2251; x_wconf 92' lang='lat' dir='ltr'>quod</span> <span class='ocrx_word' id='word_1_172' title='bbox 1034 2182 1092 2239; x_wconf 93' lang='lat' dir='ltr'>belli</span> 
     </span>
     <span class='ocr_line' id='line_1_26' title="bbox 304 2257 1091 2329; baseline 0 -15"><span class='ocrx_word' id='word_1_173' title='bbox 304 2259 487 2324; x_wconf 90' lang='lat' dir='ltr'>commercium,</span> <span class='ocrx_word' id='word_1_174' title='bbox 506 2258 551 2314; x_wconf 84' lang='lat' dir='ltr'>sed</span> <span class='ocrx_word' id='word_1_175' title='bbox 569 2257 657 2324; x_wconf 78' lang='lat' dir='ltr'>cades,</span> <span class='ocrx_word' id='word_1_176' title='bbox 679 2257 799 2329; x_wconf 79' lang='lat' dir='ltr'>patibula,</span> <span class='ocrx_word' id='word_1_177' title='bbox 819 2257 899 2328; x_wconf 84' lang='lat' dir='ltr'>ignes,</span> <span class='ocrx_word' id='word_1_178' title='bbox 919 2275 1015 2323; x_wconf 84' lang='lat' dir='ltr'>cruces,</span> <span class='ocrx_word' id='word_1_179' title='bbox 1036 2263 1091 2314; x_wconf 87' lang='lat' dir='ltr'>tan-</span> 
     </span>
     <span class='ocr_line' id='line_1_27' title="bbox 304 2334 1088 2407; baseline 0.003 -17"><span class='ocrx_word' id='word_1_180' title='bbox 304 2355 379 2407; x_wconf 90' lang='lat' dir='ltr'>quam</span> <span class='ocrx_word' id='word_1_181' title='bbox 390 2335 514 2392; x_wconf 88' lang='lat' dir='ltr'>reddituri</span> <span class='ocrx_word' id='word_1_182' title='bbox 529 2335 680 2407; x_wconf 89' lang='lat' dir='ltr'>supplicium</span> <span class='ocrx_word' id='word_1_183' title='bbox 695 2353 724 2390; x_wconf 92' lang='lat' dir='ltr'>ac</span> <span class='ocrx_word' id='word_1_184' title='bbox 735 2339 861 2405; x_wconf 83' lang='lat' dir='ltr'>praerepta</span> <span class='ocrx_word' id='word_1_185' title='bbox 872 2334 973 2389; x_wconf 90' lang='lat' dir='ltr'>interim</span> <span class='ocrx_word' id='word_1_186' title='bbox 985 2335 1088 2403; x_wconf 87' lang='lat' dir='ltr'>ultione,</span> 
     </span>
     <span class='ocr_line' id='line_1_28' title="bbox 259 2410 1089 2483; baseline 0.001 -14"><span class='ocrx_word' id='word_1_187' title='bbox 259 2413 464 2469; x_wconf 77' lang='lat' dir='ltr'>84festinabant.</span> <span class='ocrx_word' id='word_1_188' title='bbox 499 2414 557 2467; x_wconf 79' lang='lat' dir='ltr'>lam</span> <span class='ocrx_word' id='word_1_189' title='bbox 578 2411 699 2466; x_wconf 84' lang='lat' dir='ltr'>Suetonio</span> <span class='ocrx_word' id='word_1_190' title='bbox 720 2415 810 2482; x_wconf 83' lang='lat' dir='ltr'>quarta</span> <span class='ocrx_word' id='word_1_191' title='bbox 831 2410 927 2466; x_wconf 89' lang='lat' dir='ltr'>decima</span> <span class='ocrx_word' id='word_1_192' title='bbox 946 2411 1013 2483; x_wconf 83' lang='lat' dir='ltr'>legio</span> <span class='ocrx_word' id='word_1_193' title='bbox 1034 2431 1089 2469; x_wconf 85' lang='lat' dir='ltr'>cum</span> 
     </span>
     <span class='ocr_line' id='line_1_29' title="bbox 302 2487 1089 2559; baseline 0.005 -16"><span class='ocrx_word' id='word_1_194' title='bbox 302 2489 436 2546; x_wconf 84' lang='lat' dir='ltr'>vexillariis</span> <span class='ocrx_word' id='word_1_195' title='bbox 451 2489 616 2554; x_wconf 80' lang='lat' dir='ltr'>vicesimanis,</span> <span class='ocrx_word' id='word_1_196' title='bbox 633 2492 662 2543; x_wconf 92' lang='lat' dir='ltr'>et</span> <span class='ocrx_word' id='word_1_197' title='bbox 682 2505 696 2543; x_wconf 90' lang='lat' dir='ltr'>e</span> <span class='ocrx_word' id='word_1_198' title='bbox 711 2487 832 2559; x_wconf 82' lang='lat' dir='ltr'>proximis</span> <span class='ocrx_word' id='word_1_199' title='bbox 847 2487 989 2556; x_wconf 79' lang='lat' dir='ltr'>auxiliares,</span> <span class='ocrx_word' id='word_1_200' title='bbox 1005 2488 1089 2547; x_wconf 88' lang='lat' dir='ltr'>decem</span> 
     </span>
     <span class='ocr_line' id='line_1_30' title="bbox 302 2565 1089 2631; baseline 0.005 -12"><span class='ocrx_word' id='word_1_201' title='bbox 302 2565 381 2620; x_wconf 87' lang='lat' dir='ltr'>ferme</span> <span class='ocrx_word' id='word_1_202' title='bbox 393 2565 471 2620; x_wconf 84' lang='lat' dir='ltr'>millia</span> <span class='ocrx_word' id='word_1_203' title='bbox 481 2570 635 2620; x_wconf 86' lang='lat' dir='ltr'>armatorum</span> <span class='ocrx_word' id='word_1_204' title='bbox 650 2568 730 2631; x_wconf 89' lang='lat' dir='ltr'>erant,</span> <span class='ocrx_word' id='word_1_205' title='bbox 745 2582 803 2619; x_wconf 91' lang='lat' dir='ltr'>cum</span> <span class='ocrx_word' id='word_1_206' title='bbox 821 2565 939 2620; x_wconf 87' lang='lat' dir='ltr'>omittere</span> <span class='ocrx_word' id='word_1_207' title='bbox 951 2569 1089 2623; x_wconf 89' lang='lat' dir='ltr'>cunctatio-</span> 
     </span>
     <span class='ocr_line' id='line_1_31' title="bbox 281 2641 1088 2714; baseline 0 -14"><span class='ocrx_word' id='word_1_208' title='bbox 281 2654 360 2700; x_wconf 83' lang='lat' dir='ltr'>2nem</span> <span class='ocrx_word' id='word_1_209' title='bbox 380 2647 407 2696; x_wconf 90' lang='lat' dir='ltr'>et</span> <span class='ocrx_word' id='word_1_210' title='bbox 424 2643 543 2713; x_wconf 83' lang='lat' dir='ltr'>congredi</span> <span class='ocrx_word' id='word_1_211' title='bbox 559 2642 612 2698; x_wconf 88' lang='lat' dir='ltr'>acie</span> <span class='ocrx_word' id='word_1_212' title='bbox 630 2646 710 2712; x_wconf 87' lang='lat' dir='ltr'>parat.</span> <span class='ocrx_word' id='word_1_213' title='bbox 745 2641 893 2714; x_wconf 81' lang='lat' dir='ltr'>Deligitque</span> <span class='ocrx_word' id='word_1_214' title='bbox 909 2641 993 2697; x_wconf 87' lang='lat' dir='ltr'>locum</span> <span class='ocrx_word' id='word_1_215' title='bbox 1013 2647 1088 2700; x_wconf 87' lang='lat' dir='ltr'>arctis</span> 
     </span>
     <span class='ocr_line' id='line_1_32' title="bbox 301 2719 1088 2791; baseline 0.005 -17"><span class='ocrx_word' id='word_1_216' title='bbox 301 2719 416 2775; x_wconf 88' lang='lat' dir='ltr'>faucibus</span> <span class='ocrx_word' id='word_1_217' title='bbox 435 2723 461 2773; x_wconf 91' lang='lat' dir='ltr'>et</span> <span class='ocrx_word' id='word_1_218' title='bbox 479 2737 494 2772; x_wconf 92' lang='lat' dir='ltr'>a</span> <span class='ocrx_word' id='word_1_219' title='bbox 514 2723 587 2790; x_wconf 79' lang='lat' dir='ltr'>tergo</span> <span class='ocrx_word' id='word_1_220' title='bbox 601 2719 666 2774; x_wconf 86' lang='lat' dir='ltr'>silva</span> <span class='ocrx_word' id='word_1_221' title='bbox 681 2719 801 2785; x_wconf 91' lang='lat' dir='ltr'>clausum,</span> <span class='ocrx_word' id='word_1_222' title='bbox 822 2720 885 2774; x_wconf 88' lang='lat' dir='ltr'>satis</span> <span class='ocrx_word' id='word_1_223' title='bbox 904 2721 1006 2791; x_wconf 85' lang='lat' dir='ltr'>cognito</span> <span class='ocrx_word' id='word_1_224' title='bbox 1025 2723 1088 2778; x_wconf 86' lang='lat' dir='ltr'>nihil</span> 
     </span>
     <span class='ocr_line' id='line_1_33' title="bbox 301 2794 1087 2868; baseline 0.004 -16"><span class='ocrx_word' id='word_1_225' title='bbox 301 2797 412 2852; x_wconf 86' lang='lat' dir='ltr'>hostium</span> <span class='ocrx_word' id='word_1_226' title='bbox 426 2794 475 2850; x_wconf 92' lang='lat' dir='ltr'>nisi</span> <span class='ocrx_word' id='word_1_227' title='bbox 490 2795 519 2849; x_wconf 92' lang='lat' dir='ltr'>in</span> <span class='ocrx_word' id='word_1_228' title='bbox 534 2795 617 2850; x_wconf 87' lang='lat' dir='ltr'>fronte</span> <span class='ocrx_word' id='word_1_229' title='bbox 634 2799 661 2850; x_wconf 92' lang='lat' dir='ltr'>et</span> <span class='ocrx_word' id='word_1_230' title='bbox 675 2799 787 2866; x_wconf 89' lang='lat' dir='ltr'>apertam</span> <span class='ocrx_word' id='word_1_231' title='bbox 804 2797 934 2868; x_wconf 88' lang='lat' dir='ltr'>planitiem</span> <span class='ocrx_word' id='word_1_232' title='bbox 954 2815 1017 2862; x_wconf 86' lang='lat' dir='ltr'>esse,</span> <span class='ocrx_word' id='word_1_233' title='bbox 1033 2798 1087 2855; x_wconf 89' lang='lat' dir='ltr'>siue</span> 
     </span>
     <span class='ocr_line' id='line_1_34' title="bbox 280 2871 1085 2945; baseline 0.004 -19"><span class='ocrx_word' id='word_1_234' title='bbox 280 2877 372 2932; x_wconf 88' lang='lat' dir='ltr'>ametu</span> <span class='ocrx_word' id='word_1_235' title='bbox 382 2871 536 2928; x_wconf 87' lang='lat' dir='ltr'>insidiarum.</span> <span class='ocrx_word' id='word_1_236' title='bbox 571 2872 657 2942; x_wconf 80' lang='lat' dir='ltr'>Igitur</span> <span class='ocrx_word' id='word_1_237' title='bbox 664 2871 816 2942; x_wconf 83' lang='lat' dir='ltr'>legionarius</span> <span class='ocrx_word' id='word_1_238' title='bbox 825 2874 942 2945; x_wconf 81' lang='lat' dir='ltr'>frequens</span> <span class='ocrx_word' id='word_1_239' title='bbox 950 2873 1085 2940; x_wconf 87' lang='lat' dir='ltr'>ordinibus,</span> 
     </span>
     <span class='ocr_line' id='line_1_35' title="bbox 301 2947 1085 3021; baseline 0.003 -17"><span class='ocrx_word' id='word_1_240' title='bbox 301 2949 364 3004; x_wconf 82' lang='lat' dir='ltr'>levia</span> <span class='ocrx_word' id='word_1_241' title='bbox 375 2950 469 3006; x_wconf 88' lang='lat' dir='ltr'>circum</span> <span class='ocrx_word' id='word_1_242' title='bbox 486 2950 620 3013; x_wconf 86' lang='lat' dir='ltr'>armatura,</span> <span class='ocrx_word' id='word_1_243' title='bbox 636 2947 803 3019; x_wconf 84' lang='lat' dir='ltr'>conglobatus</span> <span class='ocrx_word' id='word_1_244' title='bbox 822 2967 869 3021; x_wconf 87' lang='lat' dir='ltr'>pro</span> <span class='ocrx_word' id='word_1_245' title='bbox 881 2949 998 3006; x_wconf 88' lang='lat' dir='ltr'>cornibus</span> <span class='ocrx_word' id='word_1_246' title='bbox 1009 2967 1085 3021; x_wconf 88' lang='lat' dir='ltr'>eques</span> 
     </span>
    </p>
   </div>
   <div class='ocr_carea' id='block_1_4' title="bbox 0 0 1280 3500">
    <p class='ocr_par' dir='ltr' id='par_1_4' title="bbox 0 0 1280 3500">
     <span class='ocr_line' id='line_1_36' title="bbox 0 0 1280 3500; baseline 0 5"><span class='ocrx_word' id='word_1_247' title='bbox 0 0 1280 3500; x_wconf 95' lang='lat' dir='ltr'> </span> 
     </span>
    </p>
   </div>
  </div>
 </body>
</html>
