2550 3500
307 384 352 431 140
639 383 760 431 TACITI

932 446 967 486 [Α.
976 445 1002 484 U.
1014 447 1036 485 c.
1047 446 1094 487 Ὶῗθ.

303 494 425 564 primores
437 494 566 549 ministros
575 496 646 561 erat;
665 494 755 549 deinde
764 494 831 548 inter
839 488 954 548 conscios
966 495 1011 549 ubi
1022 496 1096 551 locus

304 572 416 625 veneficii
432 575 583 641 tempusque
599 572 739 641 composita
754 572 814 637 sint,
826 589 856 625 eo
868 571 979 626 audaciae
990 590 1096 641 provec-

304 651 361 701 tum
375 651 405 701 ut
421 652 531 703 verteret
548 652 582 713 et,
601 648 701 703 occulto
716 648 809 703 indicio
827 648 942 702 Drusum
959 650 1053 703 veneni
1068 651 1097 704 in

303 728 401 794 patrem
413 742 529 796 arguens,
542 728 658 779 moneret
675 724 804 780 Tiberium
820 724 950 779 vitandam
964 725 1096 795 potionem

282 815 360 872 aque
371 801 452 871 prima
463 802 486 856 ei
495 800 563 872 apud
571 801 651 856 filium
660 802 774 872 epulanti
782 802 924 856 offerretur.
954 802 993 857 Ea
1003 802 1095 857 fraude

303 882 359 931 tum
375 896 467 943 senem,
484 882 618 949 postquam
635 878 776 933 convivium
790 878 889 944 inierat,
902 883 1038 949 exceptum
1050 898 1094 949 pp·

303 954 387 1009 carlum
400 955 485 1010 Druso
497 955 647 1022 tradidisse;
665 960 742 1027 atque
753 956 797 1010 illo
809 957 898 1028 igrraro
909 959 936 1011 et
945 956 1095 1027 juveniliter

303 1032 434 1087 hauriente
457 1037 557 1087 auctam
581 1033 757 1103 suspicionem,
773 1036 897 1103 tanquam
913 1037 985 1087 metu
1002 1037 1031 1087 et
1048 1052 1095 1103 pn·

304 1107 363 1163 dore
384 1108 485 1164 sibimet
503 1110 627 1181 irrogaret
649 1113 757 1164 mortem
775 1128 851 1179 quam
868 1110 936 1181 patri
953 1114 1092 1165 struxerat.

259 1184 367 1240 llHaec
384 1186 461 1257 vulgo
476 1186 580 1257 jactata,
598 1204 674 1257 super
689 1185 717 1240 id
732 1187 800 1257 quod
816 1186 885 1241 nullo
902 1191 1005 1242 auctore
1021 1191 1093 1242 certo

280 1262 441 1327 2finuantur,
463 1270 579 1334 prompte
599 1263 759 1317 refutaveris.
796 1262 863 1321 Quis
884 1264 951 1317 enim
971 1263 1093 1319 mediocri

302 1338 442 1409 prudentia,
455 1340 548 1394 nedum
560 1340 675 1395 Tiberius
687 1340 767 1394 tantis
778 1339 854 1395 rebus
867 1341 1001 1405 exercitus,
1019 1341 1093 1395 inau-

302 1414 355 1469 dito
371 1416 422 1471 filio
440 1416 546 1471 exitium
561 1417 671 1481 offerret,
688 1416 765 1488 idque
782 1435 829 1471 sua
843 1435 921 1471 manu
938 1422 965 1472 et
975 1417 1047 1472 nullo
1059 1418 1092 1473 ad

300 1491 471 1563 penitendum
492 1494 629 1565 regressu?
649 1493 711 1564 quin
730 1493 817 1564 potius
837 1492 982 1547 ministrum
999 1495 1092 1549 veneni

301 1574 463 1634 excruciaret,
483 1574 611 1624 auctorem
629 1569 781 1639 exquireret,
799 1569 877 1624 insita
892 1570 1001 1640 denique
1013 1571 1091 1625 etiarn
1137 1595 1138 1600 ¹

301 1645 328 1699 in
344 1651 477 1701 extraneos
494 1646 656 1701 cunctatione
672 1650 699 1701 et
715 1664 786 1700 mora
803 1645 936 1701 adversum
947 1647 1051 1701 unicum
1063 1654 1090 1702 et

279 1721 394 1780 annilius
419 1727 477 1778 ante
501 1723 591 1795 flagitii
614 1732 772 1794 compertum
795 1726 918 1778 uteretur.
956 1723 1007 1780 Sed
1031 1726 1090 1796 quia

302 1802 407 1872 Sejanus
430 1802 571 1856 iacinomm
599 1802 711 1856 omnium
737 1806 854 1873 repertor
880 1802 1028 1869 habebatur,
1057 1823 1090 1860 ex

300 1879 378 1933 nimia
389 1879 495 1934 caritate
506 1879 534 1932 in
545 1897 603 1933 eum
616 1879 731 1947 Caesaris,
749 1885 776 1934 et
788 1889 931 1934 ceterorum
946 1881 975 1935 in
991 1885 1090 1936 utrum·

301 1973 350 2026 que
371 1955 435 2020 odio,
458 1956 572 2026 quamvis
591 1955 707 2011 fabulosa
726 1960 753 2011 et
773 1956 892 2012 immania
914 1957 1089 2026 credebantur,

277 2033 424 2088 ⁴latrociorc
436 2051 535 2103 semper
546 2033 613 2087 fama
625 2051 687 2104 erga
697 2032 881 2088 dominantium
894 2034 987 2089 exitus.
1017 2035 1089 2090 Ordo

300 2109 393 2180 alioqui
405 2109 513 2174 sceleris,
528 2128 572 2181 per
583 2110 717 2181 Apicatam
727 2111 811 2181 Sejani
819 2110 944 2182 proditus,
954 2114 1089 2168 tormentis

299 2187 408 2242 Eudemi
431 2205 461 2242 ac
472 2187 557 2258 Lygdi
579 2187 723 2258 patefactus
746 2191 795 2242 est,
843 2188 934 2260 Neque
954 2189 1088 2260 quisquam
1135 2236 1136 2259 p

300 2266 408 2335 scriptor
419 2268 472 2319 tam
483 2265 597 2319 infensus
608 2264 709 2320 exstitit
717 2268 748 2318 ut
759 2265 860 2320 Tiberio
868 2265 1015 2336 objectaret,
1030 2285 1087 2322 cum
1135 2261 1137 2273 '

277 2343 383 2398 comnia
394 2341 443 2396 alia
454 2342 630 2412 conquirerent
642 2341 861 2413 intenderentque.
891 2343 960 2398 Mihi
970 2343 1088 2400 trudendi
1134 2376 1135 2403 r

299 2417 470 2488 arguendique
484 2418 593 2473 rumoris
608 2436 684 2472 cansa
701 2418 759 2482 huit,
777 2422 808 2472 ut
822 2418 890 2473 clarc
906 2420 954 2474 sub
971 2421 1087 2491 exemplo

298 2493 373 2548 salsus
387 2495 527 2550 auditiones
541 2495 699 2565 depellerem,
712 2499 875 2566 peteremque
887 2495 961 2551 abiis
978 2516 1087 2568 quormu

297 2570 324 2624 iu
336 2589 425 2625 manus
437 2589 499 2626 cura
509 2576 598 2626 nostra
608 2571 714 2636 venerit,
726 2589 759 2625 ne
772 2570 903 2642 divulgata
914 2577 991 2643 atque
1007 2574 1087 2629 incre·
1133 2630 1134 2643 ,

297 2647 389 2711 dibilia,
403 2647 475 2702 avide
487 2652 597 2718 accepta,
610 2648 677 2703 veris
688 2666 771 2718 neque
782 2648 810 2702 in
821 2649 971 2704 miraculum
982 2668 1086 2722 corrup·
1133 2646 1134 2735 J

296 2726 331 2779 tis
346 2723 522 2778 autehabcant.

253 2806 289 2858 12
332 2802 452 2856 Ceterum
463 2799 581 2854 laudante
593 2799 673 2854 filium
683 2818 730 2870 pro
742 2800 845 2856 Rostris
858 2801 967 2868 liberio,
980 2808 1085 2860 senatus

296 2877 454 2948 populusque
478 2876 593 2931 habitum
616 2894 646 2931 ac
669 2895 744 2931 voces
767 2877 899 2932 dolentum
924 2879 1086 2936 simulatione

295 2955 376 3026 magis
400 2972 475 3025 quam
499 2951 580 3008 libens
603 2952 733 3019 induebat,
760 2954 913 3025 domumque
940 2956 1086 3014 Germanici
