2550 3500
309 352 357 399 386
645 348 764 396 TACITI

946 410 1095 458 [aucus
1138 444 1139 453 ,

308 468 407 517 sentem
417 460 542 516 saevitiam
558 460 667 515 melioris
685 460 744 515 clim
756 460 865 513 fortunae
877 459 1051 514 recordatione
1063 462 1097 513 al-
1138 458 1139 527 l

285 539 433 595 elevabant
468 539 539 593 Huic
555 538 665 607 primum
685 538 832 608 nuptiarum
852 536 905 590 dies
926 536 981 590 loco
1002 536 1098 591 funeris

308 618 366 682 fuit,
385 616 500 671 deducta
517 616 546 669 in
562 615 665 669 domum
682 614 710 670 in
728 634 778 686 qua
794 614 858 669 nihil
880 614 930 669 nisi
953 612 1100 669 luctuosum

308 693 421 759 haberet,
440 696 528 763 erepto
545 710 590 763 per
607 710 733 747 venenum
751 696 823 763 patre
840 696 867 746 et
890 691 978 745 statim
1001 692 1082 746 fratre
1091 714 1099 758 ;

308 776 365 825 tum
388 770 479 825 anema
501 769 603 823 aomina
624 768 738 833 amaror,
763 772 790 824 a
813 768 924 839 Poppae
946 768 1048 823 nonna
1073 770 1101 824 n

308 847 445 918 perniciem
462 847 548 902 uxoris
566 850 653 918 nupta,
673 850 801 917 postremo
819 846 914 901 crimen
932 846 1001 901 omni
1020 847 1101 901 exitio

262 929 301 983 64
309 925 418 997 gravium
452 926 492 979 Ac
505 924 590 995 puella
606 923 724 978 vicesimo
741 923 823 977 etatis
839 940 913 987 anno,
930 923 997 977 inter
1013 926 1101 977 centu-

308 1002 392 1056 riones
403 1004 430 1056 et
442 1001 542 1067 milites,
561 1000 684 1072 presagio
700 999 823 1055 malmum
835 999 887 1071 jam
904 998 958 1053 vita
973 1004 1099 1070 exempta,

285 1078 422 1139 nuendum
444 1082 531 1133 tamen
553 1081 635 1132 morte
659 1075 842 1148 acquiescebat.
887 1076 979 1131 Paucis
1010 1075 1100 1132 dehinc

308 1155 449 1227 interjectis
461 1155 550 1211 diebus
566 1154 631 1209 mori
646 1154 759 1225 jubetur,
773 1172 832 1209 cum
845 1152 898 1224 jam
910 1152 1012 1207 viduam
1030 1172 1059 1209 se
1074 1162 1099 1207 et

308 1236 410 1287 tantum
428 1250 540 1288 sororem
557 1235 704 1296 testaretur,
723 1248 917 1301 communesque
937 1230 1099 1285 Germanicos

308 1315 337 1365 et
359 1314 487 1381 postremo
510 1309 658 1381 Agrippinae
683 1328 776 1364 nomen
798 1308 884 1373 cieret,
909 1326 960 1379 qua
979 1308 1100 1363 incolumi

309 1387 400 1443 infelix
411 1388 513 1460 quidem
523 1386 712 1441 matrimonium
726 1385 772 1441 sed
788 1385 842 1441 sine
853 1385 931 1439 exitio
943 1385 1098 1456 pertulisset.

286 1465 485 1537 sRestringitur
507 1464 605 1529 maelis
629 1480 751 1533 vanaque
771 1462 826 1534 ejus
847 1480 892 1533 per
916 1480 1003 1517 omnes
1028 1468 1099 1519 artus

310 1542 491 1608 exsolvuntur3
509 1545 536 1596 et
560 1541 620 1612 qnia
642 1558 745 1611 pressus
764 1557 857 1610 pavore
877 1539 980 1611 sanguis
1001 1540 1099 1594 tardius

285 1619 449 1685 dlabebatur,
462 1618 604 1690 praefervidi
614 1617 698 1673 balnei
710 1634 802 1687 vapore
815 1619 941 1671 enecatur.
977 1616 1099 1671 Additur-

310 1715 359 1769 que
374 1697 482 1752 atrocior
497 1695 600 1764 sevitia,
616 1693 686 1766 quod
701 1698 778 1766 caput
794 1698 954 1766 amputatum
968 1692 1099 1766 latumque

286 1775 337 1837 sin
359 1774 447 1830 urbem
470 1774 580 1844 Poppaea
602 1773 673 1829 vidit.
709 1773 785 1828 Dona
805 1771 837 1827 ob
855 1772 910 1827 haec
932 1771 1036 1843 templis
1060 1773 1100 1828 de·

310 1855 387 1906 creta
423 1849 631 1921 Quodad†eum
641 1849 716 1906 finem
725 1848 1100 1920 memoravimus,†ntquic1m-

310 1947 360 2000 que
372 1945 445 1982 casus
459 1932 603 1998 temporum
619 1927 721 1982 illorum
736 1924 809 1982 nobis
825 1926 866 1981 vel
882 1925 937 1980 aliis
954 1927 1099 1982 auctoribus

310 2011 423 2070 noscent,
436 2007 618 2076 presumptum
629 2003 747 2069 habeant,
761 2003 877 2074 quotiens
893 2003 968 2075 fugas
980 2007 1008 2058 et
1020 2003 1100 2060 caedes

309 2083 386 2156 jussit
398 2083 522 2154 princeps,
534 2083 629 2137 totiens
642 2086 727 2154 grates
740 2081 793 2136 deis
806 2085 883 2146 actas,
897 2099 1004 2152 quaque
1016 2099 1101 2136 rerum

311 2162 479 2218 secundarum
501 2161 569 2227 olim,
587 2166 644 2217 tum
661 2161 767 2232 publica
791 2159 869 2216 cladis
886 2159 997 2231 insignia
1014 2160 1101 2216 fuisse.
1138 2155 1139 2158 '

286 2241 402 2310 6Neque
425 2244 512 2295 tamen
534 2239 670 2305 silebimus,
694 2238 716 2293 si
740 2236 809 2310 quod
829 2240 932 2292 senatus
956 2237 1101 2293 consultum

311 2317 454 2372 adulatione
465 2335 559 2372 novum
571 2320 615 2371 aut
627 2315 751 2387 patientia
761 2318 918 2386 postremum
929 2314 988 2369 fuit.

262 2401 301 2458 65
345 2394 442 2449 Eodem
458 2412 525 2450 anno
542 2393 691 2449 libertorum
708 2391 852 2463 potissimos
876 2409 973 2447 veneno
997 2391 1100 2448 intense·

311 2470 375 2526 cisse
387 2471 498 2526 creditus
514 2476 562 2536 est,
578 2469 758 2542 Doryphorum
774 2469 847 2541 quasi
862 2468 1025 2525 adversatum
1037 2487 1100 2540 nup

311 2548 354 2602 tiis
377 2547 501 2618 Poppaeae,
525 2547 674 2613 Pallantem,
700 2546 767 2618 quod
793 2546 942 2602 immensam
968 2547 1099 2617 pecuniam

286 2625 387 2696 nlonga
409 2629 512 2680 senecta
534 2624 667 2680 detineret.
703 2624 834 2678 Romanus
858 2623 962 2678 secretis
986 2623 1100 2678 crimina-

311 2701 423 2757 tionibus
441 2702 600 2756 incusaverat
621 2702 741 2756 Senecam
764 2705 795 2756 ut
819 2701 848 2756 O.
861 2700 962 2756 Pisonis
985 2701 1100 2766 socium3

311 2779 358 2834 sed
376 2778 483 2835 validius
504 2797 520 2833 a
540 2779 635 2834 Seneca
658 2778 746 2834 eodem
770 2778 874 2834 crimine
896 2777 1029 2850 perculsus
1053 2781 1100 2832 est.

311 2855 388 2912 Unde
410 2855 499 2911 Pisoni
518 2855 602 2921 timor,
627 2859 654 2910 et
674 2859 731 2910 orta
750 2855 897 2912 insidiarum
920 2855 948 2910 in
970 2854 1101 2910 Neronem

311 2932 729 3011 magnamoles,sedimprospera
1138 2959 1139 2982 1
