2550 3500
190 436 207 474 A
225 435 245 474 D
262 434 304 483 19]
397 371 593 422 ANNALIUM
612 373 648 422 11.
666 377 769 424 84-88.
948 379 979 426 93

189 503 306 540 nummos
325 502 354 538 se
371 484 516 540 additurum
533 485 735 557 negotiatoribus
752 487 779 541 in
796 485 910 558 singulos
928 507 980 542 mo

188 562 251 616 dios.
287 561 380 632 Neque
400 565 486 616 tamen
501 562 534 616 ob
548 581 579 618 ea
594 565 706 633 parentas
715 567 817 633 patric,
830 563 940 619 delatum
953 569 1004 620 ott

187 643 271 704 antea,
287 638 437 694 vocabulum
458 639 602 710 assumpsit,
621 640 760 710 acerbeque
783 641 908 712 increpuit
927 661 979 708 eos,

187 717 231 787 qui
252 719 350 772 divinas
372 718 546 785 compactiones,
566 717 701 788 ipsumque
718 719 838 777 dominun
855 718 979 774 dixerant.

186 793 265 849 Unde
278 797 387 866 angusta
398 797 425 848 et
436 792 533 849 lubrica
544 795 625 850 oratio
638 795 686 850 sub
698 795 811 866 principe
823 796 867 868 qui
878 797 1004 852 liberta-8

186 874 241 926 tem
252 870 390 936 metuebat,
404 869 573 926 adulationem
585 871 682 926 oderat.

222 947 334 1019 Reperio
347 947 414 1018 apud
426 947 560 1018 scriptores
577 953 756 1019 senatoresque
768 949 903 1005 eorundem
916 953 979 1006 tem·
989 957 1027 1011 88

185 1043 280 1096 porum
307 1024 496 1100 Adgandestrii,
520 1025 642 1096 principis
666 1026 826 1092 Chattorum,
851 1027 930 1082 leotm
953 1029 980 1083 in

187 1105 280 1157 senatu
296 1100 402 1170 litteras,
415 1101 506 1174 quibus
524 1106 632 1156 mortem
648 1102 757 1158 Arminii
772 1104 944 1174 promittebat,
958 1106 980 1160 si

187 1178 319 1251 patrandae
332 1179 387 1233 neci
395 1197 520 1234 venenum
533 1179 680 1234 mitteretur
687 1203 696 1246 ;
713 1199 912 1253 responsumque
924 1202 980 1238 esse

187 1275 240 1312 non
251 1253 341 1310 fraude
352 1273 434 1327 neque
446 1256 560 1322 occultis,
574 1256 619 1311 sed
630 1256 712 1328 palam
724 1261 751 1312 et
766 1263 890 1313 armatum
901 1277 981 1330 popu-

188 1335 241 1390 lum
251 1334 395 1388 Romanum
403 1333 490 1390 hostes
502 1351 562 1389 suos
573 1333 669 1389 idcisoi
706 1335 766 1394 Qua
776 1336 857 1408 gloria
865 1337 1005 1408 equabata

188 1430 217 1467 se
228 1411 346 1467 Tiberius
361 1411 451 1483 priscis
468 1410 670 1482 imperatoribus,
684 1412 727 1483 qui
743 1431 867 1468 venenum
879 1414 906 1469 in
917 1415 981 1486 Pyr-

188 1490 264 1545 rhum
283 1505 365 1560 regem
384 1493 518 1544 vetuerant
537 1489 755 1560 prodiderantquc.
792 1491 913 1546 Ceteram
932 1495 1005 1546 Aua

188 1566 291 1632 minius,
313 1565 506 1624 abscedentibus
527 1567 650 1622 Romanis
673 1570 700 1621 et
718 1566 793 1638 pulso
812 1568 979 1635 Maroboduo,

188 1663 298 1716 regnum
316 1645 436 1700 affectans
454 1643 597 1699 libertatem
616 1643 774 1714 popularium
791 1644 921 1699 adversm
938 1646 982 1700 ha

188 1723 255 1791 buit,
267 1723 413 1795 petitusque
425 1720 501 1777 armis
519 1739 578 1777 cum
593 1721 663 1777 varia
674 1722 777 1778 fortuna
792 1726 909 1790 certaret,
923 1723 982 1780 dolo
1050 1726 1052 1729 ’

188 1802 387 1875 propinquorum
400 1800 506 1857 cecidit:
525 1800 645 1855 liberator
655 1800 723 1856 hand
739 1801 814 1857 dubie
833 1802 981 1869 Germania,
1054 1830 1056 1834 ·

189 1884 217 1935 et
229 1879 274 1951 qui
285 1897 337 1933 non
348 1878 485 1949 primordia
496 1877 582 1948 populi
592 1876 708 1944 Romani,
719 1878 785 1933 sicut
797 1878 839 1933 alii
850 1898 924 1951 reges
936 1880 981 1935 dua

188 1975 291 2029 casque,
304 1956 349 2012 sed
361 1956 565 2011 florentissimum
577 1954 711 2027 imperium
727 1955 873 2021 lacessierit,
886 1958 980 2027 proeliis

188 2034 332 2107 ambiguus,
345 2034 410 2089 bello
426 2052 477 2089 non
494 2033 585 2087 victus.
622 2032 724 2104 Septem
742 2037 768 2088 et
784 2034 891 2106 triginta
901 2042 1005 2090 annosa

186 2112 258 2177 vita,
283 2110 415 2167 duodecim
438 2110 559 2183 potentiae
582 2110 702 2181 explevit,
727 2111 875 2183 caniturque
898 2111 981 2167 adhuc

187 2190 309 2246 barbaras
322 2190 390 2261 apud
401 2193 498 2261 gentes,
513 2188 658 2243 eremum
670 2188 800 2244 annalibus
812 2190 922 2261 ignotus,
936 2190 981 2260 qui

187 2286 238 2324 sua
254 2271 355 2322 tantum
372 2268 505 2332 mirantur,
523 2264 647 2320 Romanis
660 2264 728 2319 haud
745 2266 849 2337 perinde
866 2266 979 2335 cdobris,

186 2346 253 2401 dum
263 2348 351 2401 vetera
362 2344 513 2409 extollimus,
526 2342 667 2399 recentium
677 2342 805 2401 incuriosi
973 2357 975 2365 ’
