2550 3500
180 434 198 471 A
217 432 238 472 D
256 432 283 470 H
406 370 601 418 ANNALIUM
620 369 641 418 1.
662 372 761 418 12-15.
947 374 976 422 ll

180 433 338 552 deprecairdi
350 498 427 536 eausa
436 481 563 537 Palatium
578 481 709 537 introisset
725 481 979 558 ambulantisque'Ti-

181 559 247 613 berii
261 576 346 628 genua
361 557 543 624 advolveretur,
556 577 635 630 prope
647 577 663 614 a
673 558 796 614 militibus
808 559 978 626 interiectum,

180 637 243 707 quia
254 636 372 690 (liberius
382 653 443 691 casu
452 655 484 690 an
491 636 606 691 manibus
616 637 672 707 ejus
681 635 820 706 impeditus
827 635 978 707 prociderat.

179 715 278 785 Neque
295 717 383 768 tamen
403 713 513 784 periculo
531 713 592 768 talis
613 713 663 768 viri
681 713 813 785 mitigatus
834 717 881 779 est,
899 713 980 770 donee

179 791 311 846 Haterius
323 792 468 864 Augustam
477 795 560 846 oraret
573 791 679 862 ejusque
688 791 854 846 curatissimis
862 791 979 862 precibus

179 872 372 940 protegeretur.

216 947 307 1002 Multa
319 951 422 1017 patrum
437 949 463 1002 et
475 945 502 1001 iu
513 946 659 1018 Augustam
672 944 790 1000 adulatio.
820 945 873 1000 Alii
885 947 1025 1006 Parca-14

181 1029 241 1088 tera,
262 1024 306 1078 alii
322 1027 430 1079 Matrem
446 1027 538 1094 putatae
560 1023 740 1094 appellandam,
758 1022 871 1094 plerique
888 1027 918 1078 nt
935 1027 1001 1079 no2

180 1101 246 1156 mini
258 1101 367 1156 Caesaris
383 1100 568 1156 adscriberetur
580 1103 658 1155 Jatiae
663 1104 740 1170 filius
751 1099 895 1155 censebant.
930 1101 1002 1158 Illas

180 1178 352 1234 moderandos
370 1179 520 1233 feminarum
535 1178 645 1233 honores
661 1177 788 1242 dictitans,
801 1177 939 1249 eademque
951 1198 979 1234 se

139 1261 141 1324 t
180 1256 353 1327 temperantia
367 1275 474 1311 usurum
489 1256 517 1311 in
532 1256 563 1310 iis
582 1275 638 1325 qnae
655 1255 704 1310 sibi
718 1255 899 1321 tribuerentur,
913 1260 979 1312 oete·

181 1352 240 1388 rum
260 1333 350 1388 anxius
368 1333 469 1399 invidia,
486 1337 513 1388 et
531 1331 653 1388 muliebre
673 1333 805 1403 fastigium
820 1333 849 1388 in
866 1332 978 1389 deminu-

181 1411 280 1466 tionem
302 1411 343 1466 sui
363 1411 496 1482 accipiens,
517 1429 550 1465 ue
571 1410 687 1466 lictorem
707 1409 809 1480 quidem
829 1409 854 1464 ei
876 1409 978 1466 decerni

139 1511 140 1558 g
182 1507 274 1558 passus
300 1491 348 1554 est,
373 1506 492 1558 aramque
516 1487 658 1558 adoptionis
682 1490 709 1542 et
732 1487 781 1542 alia
803 1487 978 1558 hujusoemodr'

139 1563 141 1592 ³
183 1565 323 1636 prohibuit.
360 1567 397 1620 At
419 1566 568 1621 Germanico
590 1565 685 1622 Cesari
703 1565 881 1636 prooonsulare
900 1565 1000 1638 impe4

139 1699 140 1704 ,
183 1644 249 1698 rium
267 1643 375 1715 petivit;
393 1643 514 1714 missique
529 1643 608 1714 legati
624 1643 669 1714 qui
684 1642 819 1708 deferrent,
832 1643 907 1697 simul
918 1661 977 1698 mae·

139 1709 144 1781 i
184 1722 279 1778 stitiam
301 1723 357 1795 ejus
381 1721 413 1779 ob
437 1741 569 1779 excessum
593 1722 708 1793 Augusti
730 1721 880 1777 solarentur.
916 1723 998 1782 Quos

184 1801 266 1857 miuus
290 1801 359 1856 idem
383 1818 429 1873 pro
450 1802 537 1856 Druso
558 1800 738 1872 postularetur,
759 1819 791 1855 ea
809 1818 886 1855 eausa
908 1802 977 1871 quod

185 1877 331 1951 designatus
344 1878 432 1934 consul
443 1878 544 1934 Drusus
553 1897 714 1950 pressusque
722 1882 786 1933 erat.
822 1878 997 1935 Candidatosd

185 1960 300 2026 preterea
321 1956 455 2011 duodecim
474 1956 621 2021 nominavit,
644 1974 777 2011 numerum
801 1955 833 2012 ab
856 1958 975 2027 Augusto

185 2034 322 2101 traditum3
342 2037 368 2089 et
386 2034 505 2090 hortante
519 2037 610 2089 senatu
625 2037 657 2088 ut
673 2036 786 2105 angeret,
795 2033 854 2104 jure
866 2033 975 2105 jurando

185 2110 318 2167 obstrinxit
331 2130 359 2166 se
371 2125 423 2165 non
434 2128 605 2166 excessurum.

216 2190 281 2244 lium
301 2189 413 2259 primum
432 2206 446 2243 e
467 2206 555 2259 eampo
574 2187 677 2243 eomitia
695 2187 727 2241 ad
747 2190 832 2259 patres
851 2186 1017 2243 transbtalb

185 2271 258 2322 sunt:
276 2284 337 2321 uam
355 2265 388 2320 ed
406 2284 461 2321 eam
478 2265 551 2331 diem,
570 2265 621 2319 etsi
636 2265 769 2335 potissima
785 2264 889 2320 arbitrio
907 2267 974 2336 prin-

184 2344 251 2415 cipis,
269 2343 385 2415 quaedam
401 2347 488 2398 tamen
504 2341 596 2397 studiis
612 2342 726 2397 tribuum
743 2342 845 2397 fiebant.
881 2344 996 2415 Nequea

183 2422 289 2493 populns
301 2420 449 2491 ademptum
461 2420 503 2492 jus
515 2424 621 2491 questus
633 2424 674 2475 est
685 2420 735 2474 nisi
745 2420 813 2474 inani
825 2438 932 2486 rumore,
946 2425 972 2476 et

183 2503 291 2564 senatus,
304 2498 482 2570 largitionibus
495 2516 524 2553 ae
535 2496 652 2568 precibus
669 2496 776 2552 sordidis
793 2498 931 2564 exsolutus,
944 2499 972 2553 li·

183 2574 241 2631 bens
259 2576 353 2639 tenuit,
375 2574 522 2629 moderante
539 2574 641 2631 'liberio
658 2592 691 2629 ne
704 2574 790 2645 plures
804 2593 880 2645 quam
900 2579 972 2646 quat-

183 2656 238 2709 tuor
258 2651 407 2709 eandidatos
428 2651 621 2717 sommendaret,
642 2651 696 2707 sine
714 2651 815 2722 repulsa
832 2656 859 2707 et
874 2652 972 2709 ambitu

184 2729 357 2803 designandos.
392 2730 466 2784 Inter
480 2748 536 2799 quae
547 2728 645 2784 tribuni
656 2728 738 2800 plebei
749 2728 862 2799 petivere
873 2734 903 2784 ut
914 2742 992 2801 pro-3

184 2810 233 2877 prio
245 2810 353 2879 sumptu
364 2806 468 2861 ederent
480 2807 561 2873 ludos,
576 2806 620 2877 qui
631 2805 663 2861 de
674 2806 775 2861 nomine
793 2807 906 2877 Augusti
921 2808 970 2861 fas·

184 2886 214 2941 tis
226 2885 305 2941 additi
317 2886 470 2955 Augustales
481 2888 641 2939 vocarentur.
676 2882 727 2938 Sed
743 2882 845 2937 decreta
863 2884 992 2953 pecunie4

186 2981 215 3019 ex
232 2963 328 3029 erario,
345 2966 425 3034 utque
439 2980 485 3033 per
499 2963 594 3018 oireum
613 2959 761 3031 triumphali
780 2963 852 3015 veste
868 2963 968 3015 uteren-
