2550 3500
202 431 318 480 Am]
400 338 596 417 annuarum
613 368 787 417 mse-a.
935 368 982 417 aas

200 482 267 536 ferro
290 482 456 553 grassaretur,
481 480 581 551 quando
603 496 727 535 venenum
745 497 796 533 non
820 482 983 551 processerat.

202 557 275 612 Solus
288 557 380 628 quippe
391 556 492 611 Natalis
508 560 535 611 et
550 558 672 611 hactenus
690 556 821 627 prompsit,
838 557 943 611 missum
959 555 1009 611 set
1124 633 1130 648 Ι

201 634 233 689 cd
244 639 367 706 agrotum
380 634 508 699 Senecam,
520 634 561 692 uti
571 634 665 689 viseret
681 637 925 705 conquerereturque
941 652 987 689 cur

200 712 319 769 Pisonem
331 710 402 765 aditu
413 714 526 765 arceret:
543 711 634 766 melius
652 711 713 777 iore,
727 712 749 765 si
765 711 900 767 amicitiam
916 711 987 765 iami-

200 788 256 844 liari
267 806 405 860 congressu
416 788 595 843 exercuissent.
631 789 668 843 Et
682 788 840 860 respondisse
858 790 1010 855 Senecam,5

201 884 329 921 sermonec
340 867 444 920 mutuos
455 869 482 920 et
494 865 582 921 crebra
597 866 722 937 colloquia
732 866 817 921 neutri
832 865 986 933 conducere;

201 948 314 998 ceterum
341 941 448 997 sulutem
476 960 548 997 suam
575 942 750 999 incolumitate
777 943 877 998 Pisonis
903 943 986 998 inniti.

201 1020 267 1076 Haec
278 1019 344 1074 ferre
356 1019 451 1074 Gavius
469 1018 585 1074 Silvanus
603 1019 721 1074 tribunus
733 1021 856 1093 praetoriae
868 1020 1010 1086 cohortis,6

201 1103 228 1153 et
240 1116 273 1151 an
280 1096 348 1152 dicta
358 1096 460 1151 Natalis
467 1114 564 1168 suaque
574 1115 696 1168 responsa
702 1102 817 1153 nosceret
829 1098 988 1170 percunctari

202 1176 323 1229 Senecam
336 1172 447 1244 jubetur.
483 1173 519 1240 Is,
534 1173 601 1229 forte
615 1193 649 1229 an
666 1174 784 1245 prudens,
799 1174 831 1229 ad
846 1194 904 1230 eum
922 1174 1010 1238 diem?

201 1270 235 1307 ex
254 1250 391 1321 Campania
412 1254 575 1317 remeaverat,
598 1255 767 1322 quartumque
791 1251 859 1322 apud
881 1252 989 1324 lapidem

202 1327 347 1384 suburbano
374 1345 434 1381 rure
457 1327 614 1382 substiterat.
649 1327 698 1382 illo
721 1328 862 1399 propinqua
884 1335 1011 1399 vespera8

201 1404 320 1459 tribunus
337 1404 415 1469 venit,
434 1407 461 1457 et
478 1404 562 1458 villam
579 1403 661 1475 globis
678 1404 787 1459 militum
805 1405 908 1476 sepsit3
932 1409 989 1459 tum

202 1481 252 1553 ipsi
274 1500 332 1537 cum
355 1481 476 1552 Pompeia
500 1481 607 1536 Paulina
628 1499 708 1537 uxore
731 1486 758 1537 et
781 1482 867 1537 amicis
891 1481 989 1537 duobus

202 1558 314 1630 epulanti
332 1558 452 1613 mandata
465 1558 624 1629 imperatoris
642 1558 728 1614 edidit.
766 1560 867 1624 Seneca,
884 1560 1032 1624 missum61

202 1636 236 1691 ad
251 1655 279 1691 se
293 1635 412 1691 Natalem
430 1638 646 1707 conquestumque
662 1636 762 1691 nomine
779 1635 878 1691 Pisonis
896 1636 991 1707 quoda

202 1713 307 1770 visendo
330 1731 360 1768 eo
384 1712 567 1785 prohiberetur,
591 1730 673 1785 seque¹
691 1713 815 1770 rationem
838 1713 989 1770 valetudinis

135 1828 136 1831 =
203 1795 231 1847 et
242 1809 351 1846 amorem
363 1790 455 1862 quietis
468 1791 633 1857 excusavisse,
644 1791 781 1863 respondit.
819 1791 872 1847 Gur
883 1791 1013 1847 salutem2

202 1869 296 1940 privati
318 1868 426 1922 hominis
453 1867 622 1922 incolumitati
645 1887 698 1924 sue
721 1869 865 1934 anteferret,
890 1887 991 1924 eausam

202 1963 255 2000 non
266 1945 402 2010 habuisse,
419 1963 466 2000 nec
481 1944 531 1999 eibi
543 1951 690 2016 promptum
705 1947 733 2000 in
750 1946 905 2001 adulationes
920 1947 991 2018 inge-

202 2022 282 2077 nium.
318 2022 400 2094 quue
419 2021 485 2076 mulli
503 2022 584 2093 magis
602 2041 709 2094 gnarum
727 2041 803 2094 quam
823 2023 928 2089 Neroni,
948 2024 1012 2095 quia

203 2100 296 2171 sepius
319 2098 462 2154 libertatem
486 2100 588 2155 Senecae
615 2119 692 2169 quam
719 2101 851 2156 servitiam
871 2104 991 2171 expertus

203 2181 280 2232 esset.
315 2176 369 2232 Ubi
381 2177 435 2231 baec
446 2195 461 2230 a
472 2176 575 2232 tribuno
586 2177 667 2231 relata
678 2180 739 2231 eunt
750 2177 860 2248 Poppaea
871 2182 897 2232 et
909 2177 992 2250 Tigel·
999 2188 1017 2234 a¹

203 2254 256 2309 lino
276 2271 367 2319 eoram,
381 2253 449 2324 quod
469 2257 524 2308 erat
543 2253 658 2308 soerienti
674 2254 781 2325 principi
798 2255 916 2310 intimum
933 2273 993 2310 oon-

204 2332 325 2397 siliomm,
348 2331 545 2402 interrogatam
568 2330 665 2385 Seneca
687 2331 856 2386 voluntariam
884 2336 993 2388 mortem

204 2413 313 2480 pararet.
348 2409 414 2472 Tum
425 2407 544 2463 tribunus
556 2407 626 2463 nulla
636 2409 736 2480 pavoris
749 2410 828 2482 signa,
841 2409 904 2466 nihil
918 2410 1014 2470 triste5

203 2487 232 2543 in
242 2486 327 2541 verbis
342 2486 397 2558 ejus
409 2490 455 2540 aut
466 2486 541 2541 vultu
552 2485 711 2556 deprensum,
723 2488 887 2543 confirmavit.
923 2488 993 2558 Ergo

204 2563 305 2636 regredi
328 2567 355 2618 et
377 2563 488 2620 indicere
509 2567 617 2618 mortem
639 2563 753 2634 jubetur.
788 2565 876 2620 Tradit
899 2564 1015 2620 Fabiusfl

204 2641 329 2697 Rusticus
338 2659 389 2696 non
398 2659 428 2696 eo
438 2659 488 2713 quo
497 2648 602 2697 venerat
613 2641 705 2696 itinere
713 2641 831 2708 reditum,
840 2642 885 2698 sed
893 2643 993 2696 flexisse

205 2719 238 2774 ad
249 2719 362 2774 Faenium
378 2719 537 2790 praefectum,
554 2724 580 2774 et
599 2719 721 2790 expositis
738 2720 846 2774 Caesaris
862 2719 940 2790 jussis
962 2737 994 2773 an

205 2796 392 2866 obtemperaret
408 2797 612 2869 interrogavisse,
625 2797 801 2867 monitumque
813 2797 844 2851 ab
857 2814 887 2850 co
904 2799 934 2848 ut
952 2813 994 2849 ex·

206 2877 350 2944 equoretur,
371 2874 444 2930 fatali
462 2875 574 2929 omnium
592 2874 702 2946 maaria,
738 2875 806 2928 Nam
830 2877 856 2928 et
878 2871 1016 2935 Silvanus?

145 2958 146 2961 ’
207 2951 274 3014 inter
294 2953 439 3024 conjuratos
462 2958 525 3019 erat,
546 2953 706 3024 augebatque
727 2953 821 3007 seelera
839 2951 867 3005 in
886 2967 993 3022 quorum

228 3058 284 3092 na
292 3054 346 3084 m
358 3052 376 3082 a
591 3029 637 3084 nb
