2550 3500
259 352 279 398 ι
318 394 365 441 230
650 392 768 439 TACITI

947 455 982 503 [A.
989 455 1018 494 U.
1028 456 1051 494 0.
1061 455 1111 495 801,

316 521 401 570 ream3
419 502 464 557 scd
480 503 508 557 in
524 520 554 557 eo
566 502 700 558 discrimen
712 504 785 568 verti,
799 504 821 558 si
835 503 947 558 defensio
963 505 1109 570 audiretur,

271 578 308 634 29
317 585 395 651 utque
411 580 501 635 clausae
517 598 589 634 aures
601 580 678 634 etiam
696 581 826 635 confitenti
843 580 935 635 forent.
971 583 1010 635 Ac
1023 583 1111 651 primo

317 657 443 721 Callistus,
454 657 506 727 jam
517 656 579 711 mihi
596 657 663 711 circa
675 676 762 711 necem
775 657 804 712 0.
818 657 925 711 Casaris
936 663 1066 723 narratus,
1081 664 1111 713 et

315 734 437 804 Appiana
449 733 522 788 caedis
534 733 635 787 molitor
650 734 793 799 Narcissus,
812 735 1059 805 flagrantissimaque
1077 755 1110 790 eo

314 810 342 864 in
359 815 471 881 tempore
488 811 570 881 gratia
587 810 678 876 Pallas,
700 812 835 882 agitavere,
855 830 917 865 num
937 812 1111 866 Messalinam

315 888 418 941 secretis
436 887 509 942 minis
527 887 679 957 depellerent
695 906 779 942 amore
797 888 858 953 Silii,
877 893 970 943 cuncta
987 888 1038 942 alia
1056 888 1110 944 dis·

292 964 467 1018 2simuluntes.
504 964 572 1019 Dein
588 969 714 1032 metune
732 964 764 1018 ad
781 965 916 1035 perniciem
933 964 1002 1019 ultro
1020 966 1110 1021 trahe-

314 1048 409 1106 rentur,
423 1040 555 1106 desistuut,
569 1041 652 1095 Pallas
668 1060 713 1112 per
728 1042 862 1113 ignaviam,
874 1042 995 1096 Callistus
1011 1043 1109 1113 prioris

314 1136 414 1189 quoquc
425 1118 501 1189 regiae
512 1118 616 1189 peritus,
630 1122 657 1173 et
668 1119 809 1189 potentiam
821 1118 902 1173 cautis
915 1137 990 1189 quarn
1002 1118 1108 1174 acribus

314 1195 423 1249 consiliis
435 1196 516 1250 tutius
531 1195 631 1262 haberi3
650 1195 762 1266 perstitit
780 1196 925 1263 Narcissus,
938 1202 965 1250 ct
981 1196 1067 1250 solum
1080 1196 1108 1251 id

313 1271 456 1338 immutans,
469 1290 501 1327 ne
513 1291 562 1343 quo
574 1290 688 1327 sermone
697 1273 827 1343 praesciam
839 1273 950 1327 criminis
963 1277 990 1327 et
1002 1290 1107 1328 accusa-

313 1350 376 1403 toris
394 1349 494 1415 laceret,
513 1350 568 1421 ipse
585 1348 617 1403 ad
637 1350 779 1404 occasiones
799 1350 922 1415 intentus,
940 1349 1018 1421 longa
1036 1351 1106 1420 apud

314 1427 412 1481 Ostiam
428 1427 533 1481 Caesaris
550 1444 627 1491 mora,
645 1426 707 1480 duas
724 1427 833 1498 pellices,
847 1445 953 1497 quarum
968 1426 991 1480 is
1002 1427 1106 1497 corpori

313 1505 420 1560 maxime
442 1504 593 1569 insueverat,
612 1503 746 1575 largitione
766 1522 796 1559 ac
818 1503 956 1574 promissis,
976 1506 1003 1557 et
1023 1522 1105 1558 uxore

314 1581 411 1653 dejecta
433 1581 489 1651 plus
512 1580 632 1651 potentias
656 1580 814 1646 ostentando,
827 1580 937 1651 perpulit
949 1578 1104 1635 delationem

267 1660 304 1714 30
314 1659 404 1713 subire.
430 1658 497 1713 Exin
506 1658 648 1729 Calpurnia,
659 1657 696 1727 (id
702 1657 785 1729 pellici
793 1658 904 1726 nomeu)
914 1656 958 1711 ubi
968 1656 1058 1711 datum
1067 1677 1104 1711 se-

313 1740 417 1801 cretum,
430 1735 536 1807 genibus
548 1735 655 1790 Caesaris
666 1735 799 1806 provoluta
809 1735 925 1807 nupsisse
936 1734 1103 1789 Messalinam

289 1817 304 1862 2
314 1813 374 1866 Silio
386 1813 516 1867 exclamat.
553 1812 633 1866 Simul
645 1812 877 1883 cleopatramque
888 1811 955 1866 idem
967 1812 1102 1882 opperiens

313 1889 418 1954 astabat,
432 1908 464 1943 an
481 1889 646 1960 comperisset
661 1889 808 1960 interrogat,
821 1893 897 1959 atque
914 1888 958 1942 illa
974 1893 1103 1943 annuente

290 1966 373 2020 deieri
395 1965 545 2021 Narcissum
567 1965 688 2036 postulat.
724 1966 752 2020 Is
775 1965 874 2020 veniam
896 1965 924 2019 in
943 1965 1103 2034 praeteritum

312 2047 408 2114 petens,
422 2043 489 2114 quod
500 2043 524 2097 ei
536 2042 572 2096 cis
584 2043 694 2108 Vettios,
707 2042 743 2097 cis
755 2042 870 2097 Plautios
883 2041 1102 2106 dissimularisset,

312 2140 358 2176 nec
369 2139 437 2176 nunc
449 2119 571 2175 cdrrlteria
586 2118 744 2190 objecturum
760 2120 803 2184 ait,
816 2138 849 2174 ne
865 2118 975 2182 domum,
989 2119 1101 2183 servitia,

288 2203 338 2253 set
348 2203 444 2253 ceteros
453 2198 561 2252 fortunae
574 2201 676 2267 paratus
685 2199 836 2267 reposceret.
872 2195 1012 2250 amaretur
1024 2195 1102 2249 immo

312 2275 359 2340 his,
372 2279 398 2330 ct
410 2275 526 2330 redderet
540 2291 653 2341 uxorem,
665 2277 843 2344 rumperetque
855 2271 953 2326 tabulas
965 2272 1100 2342 nuptiales.

288 2356 330 2401 5“
341 2354 383 2406 lln
400 2351 556 2419 discidium,”
572 2350 663 2421 inquit,
681 2354 777 2404 “tuum
792 2349 881 2403 ndsti?
898 2367 957 2402 nam
973 2349 1101 2403 matrimo

312 2429 381 2482 nium
394 2429 449 2482 Silii
460 2428 522 2483 vidit
534 2426 642 2498 populus
654 2430 680 2480 et
694 2430 797 2480 senatus
809 2429 836 2480 et
847 2425 935 2492 miles3
954 2443 992 2492 ac,
1004 2426 1033 2479 ni
1044 2444 1101 2496 pro

267 2515 298 2569 3]
312 2523 371 2576 pera
394 2505 456 2576 agis,
480 2508 551 2559 tenet
573 2502 662 2558 urbem
684 2503 816 2557 maritus.’'
852 2502 917 2556 Tum
940 2501 1100 2573 potissimum

311 2593 452 2652 †quemque
464 2581 599 2635 amicorum
611 2583 698 2646 vocat;
710 2579 868 2650 primumque
879 2578 918 2633 rei
928 2578 1100 2633 frumentaria

311 2659 458 2730 praefectum
469 2656 627 2721 Turranium,
639 2660 698 2727 post
714 2656 822 2710 Lusium
838 2657 929 2710 Getam
940 2655 1099 2726 praetorianis

288 2735 456 2806 timpositum
468 2736 653 2804 percunctatur.
689 2731 757 2789 Quis
769 2732 916 2797 fatentibus,
932 2732 1050 2786 certatim
1061 2750 1100 2787 oe

311 2813 361 2867 teri
378 2811 595 2878 circumstrepunt,
614 2810 664 2862 iret
683 2807 711 2861 in
730 2814 820 2874 castra,
838 2809 951 2862 firmaret
968 2808 1099 2878 pretoriae

312 2890 434 2952 cohortes,
459 2884 589 2941 securitati
616 2887 675 2938 ante
702 2902 778 2954 quarn
804 2884 923 2940 vindictae
947 2883 1098 2939 consuleret.

287 2965 378 3022 oSatis
399 2967 498 3020 constat
517 2979 547 3016 ao
567 2978 659 3032 pavore
679 2960 789 3016 offusum
813 2960 955 3026 Claudium,
978 2964 1008 3015 ut
1030 2959 1098 3016 iden·
