2550 3500
191 454 247 493 Η
264 452 306 502 69]
417 390 612 439 ANNALIUM
630 390 674 441 IV.
692 389 762 438 3-6.
936 395 982 446 137

190 505 329 567 Pannonia,
343 500 399 557 duee
410 502 437 556 in
449 503 543 561 Moesia
558 503 708 568 attinebant,
720 502 828 559 totidem
839 502 908 573 apud
919 504 981 558 Dal-

188 582 293 634 matiam
311 580 407 647 locatis,
424 598 487 651 quae,
503 581 590 651 positu
606 582 718 653 regionis
730 599 746 634 a
756 584 830 651 tergo
843 580 901 645 illis,
914 600 944 635 ae
959 580 982 637 si

186 657 351 728 repentinum
371 656 493 714 0111111111
512 658 589 712 Italia
603 662 729 729 posceret,
749 657 817 711 baud
833 657 922 727 procul
939 676 981 713 ae-

186 736 319 801 eirentur3
337 752 489 807 quamquam
508 736 629 791 insideret
651 736 741 791 urbem
760 735 879 806 proprius
899 735 979 804 miles,

184 816 242 867 tres
258 812 370 877 urbana,
390 830 481 867 novem
498 814 622 883 praetoria
637 814 764 881 cohortes,
780 813 887 867 Etruria
899 812 979 868 ferme

185 889 345 960 Umbriaque
362 888 472 955 delecta,
491 894 535 944 aut
553 894 639 945 vetere
655 890 733 958 Latio
751 893 778 944 01
794 889 899 944 coloniis
913 890 979 944 anti-

185 967 275 1037 quitus
290 967 421 1021 Romanis.
458 968 494 1021 At
511 966 578 1038 apud
592 967 683 1021 idonea
699 968 885 1037 provinciarum
903 968 1001 1024 sociat
1038 1012 1042 1018 ,

184 1044 303 1099 triremes
328 1044 423 1114 alaeque
446 1048 475 1111 01
496 1044 590 1099 auxilia
613 1045 770 1112 cohortium,
788 1063 871 1115 neque
897 1044 978 1099 multo

184 1138 259 1175 secus
271 1121 299 1175 iu
310 1120 342 1175 iis
353 1120 445 1175 virium
456 1144 461 1175 ε
481 1119 525 1176 sed
540 1122 659 1193 persequi
669 1122 796 1177 incertum
812 1122 863 1175 fuit
875 1139 933 1176 cum
945 1140 977 1176 ex

183 1215 235 1253 usu
250 1197 374 1269 temporis
392 1197 442 1253 hue
457 1197 517 1253 illue
532 1204 654 1264 mearent,
667 1199 805 1269 gliscerent
819 1216 931 1263 numero,
951 1202 978 1253 ct

184 1274 321 1345 aliquando
338 1274 520 1330 minuerentur.
557 1277 704 1346 Congruens
723 1275 873 1330 crediderim
893 1277 1003 1330 recen-6

183 1370 239 1407 sere
259 1362 357 1407 ceteras
375 1370 475 1423 quoque
491 1352 529 1406 rei
546 1352 654 1421 publica
672 1357 765 1423 partes,
785 1352 977 1422 quibusmodis

182 1429 291 1483 adeam
308 1428 374 1483 diem
392 1429 485 1485 habitas
503 1429 562 1495 sint,
582 1431 702 1503 quoniam
719 1428 820 1483 Tiberio
838 1430 932 1483 mutati
949 1430 977 1484 in

182 1506 296 1561 deterius
315 1506 471 1577 principatus
494 1506 596 1561 initium
616 1506 660 1562 illc
678 1525 759 1561 annus
784 1505 882 1560 attulit.
918 1507 999 1563 Jam2

181 1583 293 1653 primum
312 1582 414 1654 publica
431 1583 535 1655 negotia
553 1588 579 1639 et
599 1584 759 1654 privatorum
776 1583 888 1637 maxima
908 1583 977 1653 apud

181 1664 269 1729 patres
286 1660 472 1725 tractabantur,
491 1660 649 1731 dabaturque
667 1660 819 1731 primoribus
843 1659 974 1726 disserere,

182 1740 209 1792 01
220 1737 248 1792 in
266 1737 435 1793 adulationem
454 1737 538 1810 lapsos
554 1737 688 1794 cohibebat
699 1738 773 1810 ipse;
790 1737 975 1810 mandabatque

180 1815 297 1880 honores,
322 1815 482 1876 nobilitatem
505 1819 638 1885 majorum,
662 1816 839 1871 claritudinem
868 1816 973 1883 militia,
1081 1829 1084 1835 '

179 1891 293 1946 illustres
310 1891 378 1947 domi
396 1896 464 1946 artes
483 1892 628 1964 spectando,
646 1896 677 1947 ut
696 1893 759 1948 satis
774 1896 903 1948 constaret
921 1913 973 1948 non

180 1968 242 2023 alios
260 1969 372 2040 potiores
389 1969 475 2024 luisse.
513 1970 564 2024 Sua
580 1969 735 2034 consulibus,
758 1989 805 2024 sua
822 1971 996 2041 praetcribusa

179 2045 294 2116 speeies;
312 2047 436 2101 minorum
445 2063 545 2118 quoque
556 2048 751 2118 magistratuum
764 2049 877 2102 exercita
888 2053 973 2118 potes-

177 2128 236 2189 tas;
254 2122 380 2195 legesque,
401 2124 423 2178 si
440 2123 581 2193 majestatis
600 2125 707 2194 quaestio
725 2125 886 2188 eximeretur,
905 2125 972 2180 bono

177 2199 207 2254 iu
229 2217 287 2254 usu.
323 2203 360 2256 At
385 2201 514 2255 frumenta
537 2204 564 2254 et
587 2201 701 2270 pecuniae
720 2202 865 2273 vectigales,
888 2206 995 2261 ceteras

176 2276 339 2346 publicorum
350 2278 488 2342 fructuum,
499 2278 664 2333 societatibus
673 2278 787 2350 equitum
801 2281 971 2334 Romanomm

176 2353 349 2424 agitabantur.
390 2355 443 2409 Res
468 2373 526 2408 suas
552 2355 638 2416 Caesar
662 2356 847 2425 spectatissimo
871 2356 994 2428 cuiquet

176 2431 329 2502 quibusdam
348 2431 443 2502 ignotis
463 2451 495 2486 ex
519 2433 588 2486 fama
608 2432 744 2487 mandabat
754 2452 762 2498 ;
780 2432 907 2504 semelque
927 2435 971 2489 ad·

176 2508 275 2580 sumpti
294 2508 447 2563 tenebantur
468 2527 573 2579 prorsus
595 2511 649 2565 sine
669 2509 752 2577 modo,
776 2528 834 2565 eum
858 2510 971 2582 plerique

176 2583 257 2640 isdem
268 2586 380 2656 negotiis
398 2585 595 2642 inseneseereut.
631 2586 722 2641 Plebes
741 2587 793 2641 acri
809 2587 910 2658 quidem
927 2607 992 2652 aru-n

176 2680 242 2717 noua
261 2661 426 2734 fatigabatur,
448 2664 493 2718 sed
512 2664 582 2718 nulla
599 2663 625 2718 iu
648 2682 678 2718 eo
699 2663 774 2734 culpa
790 2683 821 2718 ex
837 2664 952 2736 principe

177 2739 237 2809 quin
255 2739 434 2794 infecunditati
451 2744 577 2795 terrarum
595 2745 639 2796 aut
658 2742 753 2812 asperis
770 2742 847 2795 maris
870 2741 969 2796 obviam

177 2816 213 2884 iit,
234 2821 360 2887 quantum
381 2817 507 2888 impendio
532 2818 713 2890 diligentiaque
733 2823 842 2889 poterat.
877 2819 913 2872 Et
935 2829 990 2878 ne?

177 2894 312 2962 provincia
322 2893 395 2950 novis
408 2894 526 2950 oneribus
539 2895 714 2962 turbarentur,
724 2901 804 2966 utque
816 2898 902 2949 vetera
913 2893 967 2947 sine

177 2971 283 3026 11111111
294 2975 339 3026 aut
351 2971 708 3045 erudelitatemagistratuum
725 2973 871 3035 tolerarent,
883 2969 967 3040 prori-
