2550 3500
213 414 233 451 Δ
249 410 267 449 n
285 410 326 459 m
400 345 596 395 ANNALIUM
612 345 682 394 XVI.
703 346 803 394 14-18.
948 346 995 392 386

212 460 335 531 accipiant
356 457 515 530 habeantque
541 457 669 529 propriam
696 454 848 511 memoriam.
895 454 1039 520 Paucosl7

212 537 303 606 qnippe
314 536 382 590 intra
393 534 455 602 dies,
464 534 552 590 eodem
564 534 671 605 agroino,
681 536 792 589 Annam
804 531 880 597 Mela,
890 531 994 587 Cerialis

211 612 325 677 Anicius,
338 612 429 665 Rufius
445 611 576 681 Crispinus
594 628 624 666 aa
642 609 776 665 Petronius
794 606 912 673 cecidere,
924 608 995 663 Mola

211 694 238 745 et
249 688 382 759 Crispinus
390 688 490 758 equites
499 687 615 751 Romani,
625 686 750 759 dignitate
758 685 890 741 senatoria
926 685 1018 741 Nam2

210 766 252 822 bic
263 764 389 837 qnondam
399 764 535 835 praelectus
547 764 660 834 pretorii
671 768 697 818 et
709 761 881 819 consularibus
892 762 995 833 insigni-

210 843 258 897 bus
281 842 399 906 domus,
421 860 451 897 ac
469 860 551 912 nuper
570 842 675 897 crimine
693 840 874 915 conjurationis
891 839 919 894 iu
938 840 995 894 Sar-

210 919 303 973 diniam
325 923 439 982 exactus,
464 924 568 989 accepto
589 918 668 988 jussa
689 919 779 975 mertis
802 917 892 972 nuntio
915 920 995 972 semet

209 994 344 1051 mteriecit.
380 994 457 1059 Mela,
480 995 572 1065 quibus
587 995 669 1049 Gallio
684 1005 711 1048 ct
727 996 829 1059 Seneca,
848 992 1016 1069 parentibust

209 1077 285 1127 natus
305 1072 428 1142 petitione
447 1072 572 1127 honoram
592 1072 749 1127 abstinuerat
770 1090 816 1143 per
835 1071 996 1125 ambitionem

210 1153 530 1221 praescientiaeque
547 1149 679 1204 Romanus
695 1147 868 1203 consularibus
882 1148 997 1219 potentia

209 1233 352 1297 aequaretur
358 1248 367 1291 ς
391 1225 468 1280 simul
479 1225 637 1297 acquirenda
648 1226 760 1296 pecuniae
771 1224 872 1279 brevius
885 1225 934 1279 iter
945 1243 996 1279 cre-

208 1304 284 1359 debat
307 1320 354 1373 per
375 1303 566 1373 procurationes
590 1302 793 1357 administrandis
812 1302 932 1373 principis
952 1320 997 1357 ne·

208 1379 293 1452 gotiis.
344 1378 419 1433 Idem
442 1381 567 1434 Annaeum
589 1380 723 1451 Lucanum
746 1383 875 1449 genuerat,
900 1378 1018 1449 grandal

207 1456 382 1529 adjumentum
407 1455 571 1511 claritudinis.
617 1456 677 1515 Quo
700 1456 834 1510 interfecto
858 1455 917 1509 dum
941 1474 996 1510 rem

133 1531 134 1546 ¹
207 1535 353 1589 familiarem
372 1532 428 1603 ejus
447 1534 540 1588 acriter
557 1533 672 1603 requirit,
692 1537 862 1587 accusatorem
886 1532 995 1587 concivit

207 1611 314 1666 Fabium
333 1611 485 1675 Romanum,
500 1628 533 1664 ex
550 1610 646 1664 intimis
663 1610 762 1664 Lucani
779 1610 873 1664 amicis.
910 1610 1017 1668 Mixtus

206 1686 274 1743 inter
293 1693 392 1760 patrem
411 1687 542 1760 filiamque
558 1688 739 1760 conjurationis
757 1687 863 1741 scientia
880 1686 993 1759 fingitur,

206 1766 358 1821 assimulatis
369 1766 468 1820 Lucani
481 1765 582 1821 litteris.
620 1767 688 1830 Quas
705 1766 831 1836 inspectas
849 1765 919 1820 Nem
934 1765 994 1820 ferri

206 1842 239 1898 ad
250 1862 309 1898 curn
318 1843 405 1914 jussit,
417 1843 507 1913 opibus
519 1845 575 1913 ejus
587 1842 694 1897 inhiens.
731 1845 768 1897 At
779 1843 856 1908 Mela,
871 1861 926 1914 qua
937 1847 1016 1897 tnm6

205 1920 394 1992 pmmptissima
412 1920 503 1974 mortis
521 1921 571 1985 via,
591 1921 687 1976 exolvit
704 1939 789 1986 venas,
809 1921 909 1990 scriptis
927 1920 993 1975 codi-

205 1998 271 2052 cillis
284 1997 376 2070 quibus
389 1997 511 2069 grandem
522 1998 655 2068 pecuniam
668 1998 695 2052 in
706 1997 856 2068 ligelliuum
864 2015 994 2067 generum·

205 2094 255 2146 qne
266 2076 322 2145 ejus
335 2074 515 2129 Cossutianum
533 2075 683 2144 Capitonem
698 2074 825 2144 erogabat,
843 2091 893 2144 quo
908 2079 994 2130 cetera

205 2156 344 2206 manerent.
380 2149 492 2206 Additur
514 2151 643 2215 codicillis,
663 2154 782 2220 tanquam
807 2150 838 2204 de
858 2150 1014 2221 iniquitatc7

205 2227 277 2283 exitii
300 2242 415 2299 querens,
439 2227 477 2282 ita
500 2227 636 2297 scripsisse,
663 2245 690 2281 so
712 2227 812 2297 quidem
831 2227 895 2280 mori
916 2227 992 2284 nullis

203 2305 323 2375 supplicii
339 2305 429 2368 causis,
447 2303 550 2358 Ruflnm
565 2308 651 2357 autern
670 2302 815 2374 Crispinum
831 2308 857 2358 et
873 2303 992 2359 Anicium

204 2381 329 2436 Cerialem
347 2381 400 2435 vita
416 2380 468 2435 frui
485 2379 596 2434 infensos
614 2379 729 2450 principi.
767 2379 833 2438 Qum
854 2381 1013 2451 composita8

203 2457 373 2514 credebantur
384 2457 416 2511 de
433 2457 557 2527 Crispino,
573 2456 634 2526 quia
650 2456 800 2512 interfectus
817 2463 879 2523 erat,
897 2458 929 2512 de
944 2459 992 2513 Ce-

133 2578 134 2601 2
202 2536 273 2602 ricla,
290 2540 321 2588 ut
338 2533 530 2589 interficeretur.
565 2533 658 2603 Neque
676 2533 744 2590 enim
761 2535 843 2590 mralto
861 2540 919 2606 post
940 2537 991 2590 vim

133 2652 134 2677 ,
202 2612 253 2668 sibi
265 2611 359 2676 attulit,
372 2611 468 2666 minore
486 2629 559 2682 quarn
576 2611 655 2666 ceteri
673 2611 842 2679 miseratione,
861 2615 919 2682 quia
934 2631 990 2683 pro·

133 2688 134 2691 ’
202 2690 284 2746 ditum
297 2689 327 2744 0.
340 2688 434 2743 Caesari
445 2688 645 2758 conjurationem
658 2688 912 2744 abeomeminerant.
949 2689 1034 2744 Dela

202 2767 233 2820 0.
246 2766 367 2820 Petronio
379 2783 459 2836 panca
471 2784 548 2836 snpra
558 2764 694 2835 repetenda
707 2771 775 2820 snut.
810 2767 877 2821 Nam
887 2765 922 2820 illi
936 2765 989 2821 dics

133 2884 134 2893 ,
200 2862 249 2914 per
266 2850 390 2907 somnum,
408 2861 459 2896 nox
476 2843 562 2896 officiis
581 2846 608 2896 et
625 2841 817 2898 oblectamentis
834 2843 893 2897 vitre
909 2847 989 2896 trans-

133 2914 134 2933 *
200 2921 322 2992 igcbatnr
328 2941 336 2984 3
355 2923 435 2990 utque
457 2918 520 2974 alios
542 2917 674 2985 industria,
694 2919 732 2974 ita
751 2919 820 2975 hunc
838 2919 936 2992 ignavia
957 2919 990 2975 ad
1089 2945 1091 2952 a

133 2974 135 3061 t
224 3015 375 3053 „aeae
574 3011 617 3050 ca
