2550 3500
302 374 350 422 834
630 370 751 419 Tacffl

943 433 1085 474 auam.

301 487 402 555 potens,
413 481 546 555 quemdam
557 500 590 538 ex
600 482 722 539 ministris
735 481 846 539 Octavia
857 432 959 555 impodt
971 483 1088 539 servilem
1130 532 1131 549 ,

278 562 326 620 aei
342 579 453 616 amorem
469 559 584 630 objicere.
619 560 820 631 Destinaturque
836 578 896 615 reus
919 564 1088 632 cognomento
1130 550 1131 577 ¹

300 638 430 703 Eucaerus,
448 637 550 692 nederc
566 636 760 703 Alexandrinus,
785 654 874 693 canere
897 636 967 693 tibiis
987 636 1088 692 domus.

278 717 374 771 4Aeta
390 715 423 771 ob
440 714 468 769 id
484 713 515 769 de
530 714 626 769 ancillis
643 714 802 786 quaestiones,
819 718 846 770 et
861 713 888 771 vi
902 717 1090 769 tormentorum

299 792 375 849 victis
392 790 542 863 quibusdam
557 796 589 846 nt
606 791 670 847 falsa
687 794 834 857 annuerent,
852 791 937 863 plures
952 790 1090 863 perstitere

300 870 462 925 sanctitatem
479 868 586 925 dominae
600 870 669 923 tueri
677 890 685 936 ;
704 888 736 924 en
751 868 843 941 quibus
858 887 910 924 una
924 868 1033 923 instanti
1048 868 1090 923 Ti-

299 947 393 1019 gellino
404 945 513 1001 castiora
523 964 579 1001 esse
590 946 722 1001 muliebria
737 946 849 1001 Octaviae
864 944 994 1017 respondit
1012 964 1091 1017 qnam

278 1032 329 1079 tos
341 1024 404 1095 ejas.
439 1023 561 1078 Moretur
577 1027 664 1078 tamen
680 1023 761 1094 primo
777 1022 857 1079 civilis
874 1022 970 1078 discidii
987 1023 1089 1095 speeie3
1130 1042 1131 1135 q

300 1100 453 1171 domumque
463 1100 547 1165 Burri,
560 1099 655 1171 pradia
665 1099 758 1165 Plauti,
771 1099 883 1155 infausta
893 1098 966 1165 dona,
979 1100 1089 1171 ancipit:

300 1195 360 1231 mox
376 1177 404 1231 in
421 1176 582 1248 Campaniam
600 1176 674 1247 pulsa
687 1180 727 1231 est
741 1175 827 1231 addita
843 1176 947 1231 militari
963 1176 1088 1232 custodia

278 1253 365 1309 dlnde
376 1253 458 1310 crebri
469 1257 574 1325 questus
590 1272 638 1309 nec
654 1252 747 1309 occulti
762 1272 807 1325 per
821 1252 935 1325 vulgum,
952 1253 995 1309 cui
1006 1254 1089 1309 minor

300 1330 431 1402 sapientia,
455 1348 488 1386 ex
510 1329 683 1386 mediocritate
706 1329 815 1385 fortuna
838 1330 957 1401 pauciora
976 1330 1089 1401 pericula

300 1411 369 1462 sunt.
399 1407 476 1479 [His]
497 1425 639 1478 quanquam
658 1406 729 1461 Nero
748 1406 895 1477 penitentia
912 1406 1012 1479 flagitii,
1029 1426 1089 1463 con·

256 1482 291 1538 61
298 1483 386 1556 jugem
396 1484 524 1540 revocant
536 1483 675 1539 Octaviam.
705 1483 774 1538 Exin
784 1482 837 1538 laeti
849 1484 1005 1555 Capitolium
1016 1504 1089 1540 scan-

300 1561 373 1627 dunt,
383 1560 494 1633 deosque
502 1560 604 1615 tandem
612 1564 773 1615 venerantur.
791 1560 895 1631 Effigies
903 1562 1021 1633 Poppaea
1032 1580 1088 1633 prc

299 1642 388 1705 ruunt,
412 1638 525 1694 Octavia
546 1636 669 1709 imagines
693 1640 795 1709 gestant
817 1638 937 1705 humeris,
963 1643 1088 1711 spargunt

279 1715 412 1782 alaribus,
431 1716 537 1788 foroque
553 1732 584 1770 ac
606 1714 708 1786 templis
725 1718 851 1772 statuunt.
885 1716 945 1772 Itur
961 1716 1040 1772 etiam
1062 1716 1089 1772 in

301 1794 421 1865 principis
436 1793 523 1848 landes
540 1792 701 1864 [repetitum]
719 1793 901 1849 venerantium.
936 1795 1049 1866 Jamque
1062 1797 1089 1850 et

300 1871 428 1926 Palatium
445 1869 607 1924 multitudine
623 1873 652 1924 et
669 1869 820 1926 clamoribus
839 1869 1005 1942 complebant,
1031 1889 1089 1926 cum
1130 1935 1131 1938 Ἰ

301 1947 387 2004 emissi
398 1947 507 2002 militurn
520 1945 590 2019 globi
604 1945 751 2005 verberibus
767 1951 794 2002 et
806 1947 906 2002 intento
920 1948 988 2004 ferro
1003 1948 1089 2004 turba
1130 1947 1131 2032 l

280 2029 343 2080 atos
366 2025 493 2096 disjeoere.
537 2024 691 2094 Mutataqna
715 2043 771 2095 qua
794 2042 839 2095 per
863 2024 1013 2080 seditionem
1036 2044 1089 2082 ver-

301 2106 394 2169 terant,
412 2106 439 2157 et
456 2102 572 2173 Poppaea
587 2100 667 2156 honos
682 2101 808 2173 repositus
824 2105 872 2156 est.
909 2101 975 2162 Quae
990 2121 1089 2174 semper

301 2180 367 2246 odio,
379 2183 436 2235 tum
448 2183 475 2235 et
486 2183 557 2234 metu
572 2180 654 2244 atrox,
666 2195 699 2234 ne
715 2184 762 2232 ant
773 2177 845 2250 vulgi
860 2179 942 2234 acrior
952 2179 991 2235 vis
1004 2179 1089 2252 ingru-

301 2263 357 2313 eret
368 2261 413 2312 aut
424 2256 496 2312 Nero
510 2255 673 2311 inclinatione
687 2255 774 2326 populi
788 2258 938 2323 mutaretur,
955 2257 1091 2328 provoluta

301 2335 408 2406 genibus
421 2335 484 2406 ejas,
496 2352 549 2389 non
559 2351 590 2388 eo
601 2332 651 2387 loci
662 2350 770 2388 resenas
782 2333 831 2405 agi,
844 2337 875 2388 ut
887 2333 918 2389 de
929 2333 1090 2390 matrimonio

301 2415 391 2477 certet,
405 2412 558 2483 (quanquam
568 2409 596 2465 id
607 2409 656 2464 sibi
669 2409 723 2464 vita
736 2411 840 2480 potius)
857 2409 902 2466 sed
913 2411 993 2466 vitam
1008 2411 1091 2482 ipsam

301 2488 330 2544 in
340 2492 481 2543 extremum
493 2487 627 2543 adductam
638 2505 654 2541 a
665 2486 787 2544 clientelis
799 2491 826 2542 at
844 2487 953 2545 servitiis
969 2488 1090 2556 Octavia,

302 2584 359 2636 qua
371 2565 451 2635 plebis
466 2565 516 2620 sibi
531 2582 624 2620 nomen
638 2563 783 2634 indiderint,
799 2583 829 2620 aa
842 2566 870 2620 in
884 2583 946 2637 pace
962 2565 1019 2620 susi
1034 2584 1091 2637 quaa
1130 2605 1131 2638 q

279 2643 346 2704 evin
371 2641 436 2697 bello
459 2642 597 2697 evennent.
637 2643 717 2697 Arma
739 2641 782 2698 illa
809 2641 929 2699 adversm
951 2642 1092 2714 principem
1130 2639 1131 2654 ¹

303 2723 420 2790 sumpta;
438 2717 528 2775 ducem
538 2723 639 2774 tantum
652 2718 769 2787 defuisse,
783 2720 827 2792 qui
842 2720 917 2777 motis
929 2720 1006 2776 rebus
1018 2719 1093 2774 facile

303 2797 474 2868 reperiretur:
492 2797 622 2852 omitteret
639 2797 714 2853 modo
732 2797 894 2870 Campaniam
911 2801 938 2854 et
955 2797 983 2854 in
1002 2796 1094 2852 urbem

303 2876 384 2946 ipsam
407 2878 532 2946 pergeret,
556 2875 589 2929 ad
613 2875 686 2946 cujus
709 2880 802 2932 nutum
829 2875 941 2932 absent-is
964 2874 1094 2930 tumultus
1130 2829 1131 2920 i

281 2953 439 3006 tererentur.
475 2951 552 3011 Quod
561 2953 671 3023 alioquin
680 2971 754 3009 snum
766 2955 906 3010 delictum?
925 2971 999 3024 quam
1008 2952 1093 3022 cujus·
1130 2951 1131 2960 ’

304 3045 381 3097 quam
392 3029 573 3086 offensionem?
590 3049 624 3085 an
635 3030 695 3097 quia
706 3051 790 3090 veram
801 3031 944 3105 progeniem
954 3027 1092 3101 penatibus
