2550 3500
207 423 237 462 Δ.
247 422 267 461 D
283 422 325 471 6⁵]
407 355 602 405 ANNALIUM
618 358 673 405 XV.
691 360 793 406 49-52.
948 358 995 406 868

208 490 273 526 cura
282 470 387 539 iuerat)
399 468 535 527 accendere
546 473 574 524 et
589 488 695 541 arguere
706 468 867 541 conjuratos3
885 486 914 525 ac
926 472 996 540 post·

210 567 309 603 remum
331 546 493 603 lentitudinis
514 564 601 601 comm
624 550 739 618 pertaesa,
763 547 837 601 etin
860 545 997 617 Campania

211 643 297 697 agens,
315 626 437 695 primores
457 624 641 679 classiariorum
659 622 843 679 Misenensium
858 623 996 678 labefacere

209 707 238 757 et
249 700 404 757 conscientie
413 701 511 772 illigare
526 701 630 755 connisa
641 705 680 755 cst
692 700 738 755 tali
749 701 829 755 initio.
864 701 926 755 Erat
938 709 1020 756 nav-2

210 779 303 833 archus
322 778 350 832 in
369 795 400 832 es
413 777 494 832 classe
510 777 631 832 Volusius
647 777 778 844 Proculus,
792 776 933 833 occidenda
944 795 998 831 ma·

210 856 258 910 tris
279 854 390 910 Neronis
409 853 478 909 inter
491 854 629 919 ministros,
642 872 693 909 non
709 872 742 909 ex
757 854 932 927 magnitudine
943 872 997 908 sce·

209 932 270 988 ieris
285 936 427 1003 provectus,
440 935 471 986 ut
486 931 597 987 rebatur.
631 932 661 987 Is
678 932 776 988 mulieri
790 933 851 987 olim
871 931 1019 1003 cognitane

210 1029 257 1065 seu
268 1028 355 1064 recens
367 1012 424 1063 orta
434 1008 551 1074 curicitia,
564 1008 625 1063 dum
635 1010 727 1064 merita
739 1028 799 1081 erga
810 1010 937 1065 Neronem
951 1026 998 1063 sua

207 1090 238 1141 et
249 1105 326 1156 qnam
336 1086 364 1140 in
373 1086 475 1141 irritum
484 1086 634 1141 cecidissent
644 1086 733 1157 aperit,
745 1086 882 1159 adjicitque
890 1090 996 1159 questus

208 1168 237 1218 et
254 1163 449 1218 destinationem
465 1163 591 1229 vindicte,
610 1164 633 1218 si
650 1160 758 1219 facultas
779 1168 901 1229 oreretur,
925 1182 997 1235 spem

210 1239 281 1295 dedit
292 1258 366 1309 posse
376 1239 471 1311 impelli
482 1244 509 1295 ct
525 1239 611 1311 plures
626 1240 775 1295 conciliare:
793 1258 841 1296 nec
856 1242 911 1295 leve
927 1240 996 1295 anxi-
1026 1302 1029 1309 .

209 1317 272 1371 lium
282 1317 310 1371 in
320 1316 407 1382 classe,
421 1316 521 1373 crebras
532 1317 683 1383 occasiones,
693 1318 751 1387 quia
759 1317 830 1373 Nero
842 1319 922 1373 multo
930 1317 997 1388 apud

209 1393 331 1449 Puteolos
343 1398 370 1449 et
381 1394 509 1452 Misenum
519 1394 597 1449 maris
606 1413 658 1449 usu
674 1392 815 1449 letabatur.
851 1394 921 1466 Ergo
936 1394 1019 1465 Epi-4

209 1474 388 1546 eharisplura3
406 1474 629 1529 etomniascelera
639 1474 759 1545 principis
769 1474 874 1529 orditur.
892 1474 996 1546 †nequc

208 1552 309 1607 senatui
326 1552 394 1623 quod
410 1551 540 1622 manere†.
577 1551 628 1606 Sed
648 1552 777 1623 provisum
792 1570 901 1623 quonam
920 1551 996 1607 modo

208 1648 295 1701 poenas
312 1648 406 1685 eversa
422 1627 584 1700 reipublice
602 1628 682 1685 daret.
717 1629 902 1701 Accingeretur
921 1628 1018 1687 nodet

208 1726 301 1764 navare
311 1726 414 1780 operam
431 1710 459 1763 et
473 1706 583 1763 militum
599 1706 734 1764 acerrimos
751 1706 843 1763 ducere
858 1706 886 1762 in
901 1710 994 1779 partes,

209 1804 239 1841 ac
255 1787 333 1859 digna
348 1787 431 1858 pretia
447 1788 603 1856 expectaret.
637 1785 750 1842 Nomina
772 1791 858 1842 tamen
881 1785 1018 1858 conjura-6

208 1867 294 1920 torum
310 1864 422 1920 reticuit.
457 1863 535 1918 Unde
552 1863 656 1919 Proculi
673 1863 795 1918 indicium
815 1863 916 1919 irritum
936 1863 994 1930 fuit,

209 1941 322 2011 quamvis
334 1959 364 1996 ca
374 1960 431 2012 ane
443 1940 558 1996 audieret
573 1940 606 1996 sd
621 1941 752 1998 Neronem
767 1941 909 1996 detulisset.
944 1941 1018 2002 ilc-7

208 2018 262 2072 cita
276 2018 368 2089 qnippe
383 2018 523 2090 Epicharis,
537 2022 567 2073 ct
579 2037 641 2073 cnm
656 2017 739 2074 indice
756 2018 902 2089 composita,
919 2017 994 2072 nullis

208 2093 318 2148 testibus
329 2095 438 2150 innisum
450 2095 523 2150 facile
531 2094 682 2150 confutavit.
718 2093 769 2148 Sed
777 2093 868 2168 ipsein
879 2093 1016 2148 custodias

207 2175 309 2227 retenta
324 2174 371 2237 est,
385 2175 547 2243 suspectante
558 2172 663 2227 Nerone
677 2171 744 2226 haud
762 2169 827 2226 falsa
844 2189 900 2226 esse
918 2171 994 2226 etiem

208 2265 265 2320 quse
276 2266 336 2304 vcra
345 2266 399 2303 non
409 2248 587 2320 probabantur.
606 2248 752 2322 Coniuratis
764 2251 850 2304 tamen
858 2251 929 2303 metu
937 2266 994 2322 pro·
1002 2249 1040 2304 52

208 2329 311 2386 ditionis
322 2332 443 2403 permotis
455 2331 577 2402 placitum
589 2334 716 2386 maturare
728 2329 821 2386 cedern
839 2330 907 2404 apud
917 2331 994 2386 Baias

207 2409 236 2464 in
252 2407 312 2463 villa
322 2407 430 2474 Pisonis,
443 2409 516 2481 eujus
533 2409 678 2464 amoenitate
696 2411 786 2480 captus
804 2408 889 2463 Oaescr
906 2408 994 2464 erebro

208 2484 356 2550 ventitabat,
369 2484 521 2558 balneasque
532 2488 559 2541 et
573 2486 660 2557 epulas
677 2485 757 2540 inibat
769 2485 869 2540 omissis
881 2485 993 2541 excubiis

208 2566 235 2618 et
246 2561 356 2617 fortune
367 2580 421 2617 sum
434 2563 508 2618 mole.
544 2562 594 2618 Sed
610 2562 699 2618 abnuit
711 2563 778 2630 Piso,
795 2561 915 2618 invidiam
930 2572 1016 2633 prce-2

207 2639 321 2705 eccm
335 2638 358 2694 si
369 2657 441 2694 sacra
456 2658 549 2695 mensae
565 2640 650 2711 diique
664 2639 802 2712 hospitales
820 2639 887 2695 ccede
904 2639 994 2710 qualis-

208 2734 308 2788 cunque
318 2716 439 2787 principis
451 2720 661 2772 omentnrentur:
679 2717 769 2772 melius
784 2717 852 2788 apud
862 2715 950 2770 urbem
966 2715 994 2770 in

206 2795 251 2851 ills
261 2793 343 2849 invisa
353 2798 380 2849 et
391 2793 478 2864 spoliis
485 2794 578 2850 civium
587 2797 706 2850 extructa
717 2794 791 2850 domo
803 2794 842 2849 vel
854 2794 881 2848 in
892 2792 993 2863 publico

206 2876 359 2944 patraturos,
372 2870 440 2942 quod
451 2889 498 2942 pro
509 2891 537 2927 re
550 2871 651 2943 publica
671 2872 849 2942 suscepissent.
884 2870 949 2924 Haec
966 2870 1015 2928 in3

208 2965 346 3018 commune,
359 2952 473 3006 ceterum
484 2949 576 3005 timore
587 2948 688 3006 occulto
700 2967 733 3005 ne
744 2949 776 3004 L.
790 2948 890 3004 Silanus
902 2947 994 3004 eximia
