2550 3500
201 410 219 447 Δ
238 405 258 445 n
274 406 316 455 m
392 339 588 390 auaitum
604 338 674 389 XVI.
692 342 794 390 30-35.
939 346 985 393 398

201 456 345 526 exemplum
355 453 519 526 macavendi,
532 451 657 523 quomodo
669 451 800 508 fraudibus
808 453 934 509 involutos
941 459 986 507 aut

201 532 306 604 flaffl'tiis
318 530 520 595 commaculatos,
534 531 571 585 sio
582 530 665 601 specie
676 528 798 585 boamum
810 532 901 585 artium
910 531 986 585 fuisos

203 616 229 663 et
242 608 359 663 amicitiae
370 607 479 661 fallaces.
514 606 586 661 Idem
598 612 685 661 tamen
697 606 749 661 dies
761 612 787 661 ct
798 608 933 662 honestum
946 626 986 662 eu·
998 608 1034 661 33

203 687 312 758 emplum
323 685 385 740 tulit
396 686 478 740 Cassii
487 684 665 757 iisoiepiodoti¹
675 686 717 757 qui
730 686 901 758 magnitudine
913 704 988 756 opum

203 763 345 835 precipuus
363 763 431 817 inter
446 762 579 833 Bithynos,
595 780 646 833 quo
662 762 781 833 obsequio
797 763 925 817 florentem
944 763 988 816 So·

203 859 293 895 ranam
310 840 487 905 celebraverat,
506 838 632 894 labentem
648 856 699 893 non
713 839 832 904 deseruit,
849 844 989 909 exutusque

177 973 181 981 ,
204 916 321 971 omnibus
341 916 451 971 fortunis
468 922 495 970 et
514 916 541 971 in
560 916 662 971 erilium
680 920 760 982 actus,
779 917 897 987 aequitate
915 916 989 970 dedm
1096 924 1099 943 ³

205 1012 267 1066 erga
281 993 348 1049 bona
360 993 475 1064 malaque
487 992 645 1049 documenta
680 994 797 1050 Thrasea.
810 996 952 1065 Soranoque
964 998 1013 1048 att

206 1071 318 1127 Serviliae
329 1070 405 1125 datur
416 1070 505 1125 mortis
518 1069 656 1125 arbitrium.
687 1070 822 1126 Helvidius
832 1078 858 1127 et
867 1070 990 1126 Paconius

206 1148 283 1204 ltalia
294 1148 461 1219 depelluntur.
497 1148 637 1203 Montanus
648 1149 715 1219 patri
725 1168 859 1204 concessus
871 1154 917 1209 est,
929 1166 986 1217 prm-

206 1226 275 1280 dicto
289 1244 322 1280 ne
334 1226 361 1280 iu
372 1244 400 1279 re
411 1224 512 1295 publica
523 1224 665 1280 haberetur.
701 1226 898 1281 Accusatoribus
914 1224 991 1295 Eprio
1001 1235 1016 1279 a

206 1306 234 1357 et
252 1301 403 1357 Cossutiano
417 1302 583 1373 quinquagies
601 1302 746 1356 sestertium
763 1302 876 1373 singulis,
890 1301 991 1356 Ostorio

208 1378 341 1433 duodecies
359 1383 386 1433 et
407 1378 543 1449 questoria
560 1378 669 1448 iusignia
688 1378 843 1433 tribuuntur.
879 1379 943 1432 Turn
961 1377 1039 1435 ad34

207 1456 341 1510 Thraseam
351 1455 378 1509 in
386 1455 467 1509 hortis
475 1460 593 1526 agentem
602 1458 713 1525 quastor
721 1454 832 1509 consulis
841 1455 932 1509 missus
940 1473 992 1509 ves-

208 1539 356 1604 perascente
369 1532 421 1603 jam
434 1532 482 1587 die.
518 1531 660 1585 illustrium
673 1531 783 1585 rborum
794 1531 993 1601 feminarumque

130 1655 131 1668 r
208 1616 289 1664 ooetus
310 1610 456 1680 frequentes
479 1614 574 1679 egerat,
598 1608 706 1663 maxime
725 1608 839 1663 intentus
862 1608 993 1663 Demetrio

209 1687 311 1759 Cynica
319 1686 604 1752 iustitutiouisdoctori3
617 1704 674 1740 curn
684 1704 741 1758 quo,
751 1692 780 1739 ut
790 1686 930 1758 conjectare
940 1690 994 1739 erat

208 1763 349 1822 intentione
360 1763 448 1818 vultus
463 1768 490 1818 et
502 1763 602 1828 auditis,
616 1764 637 1818 si
651 1781 700 1835 qua
712 1764 802 1818 clarius
814 1761 995 1834 proloqueban-

209 1848 260 1907 tur,
273 1841 408 1897 denatura
423 1841 511 1894 animae
523 1844 550 1894 ct
562 1839 738 1896 dissociatione
755 1841 858 1912 spiritus
874 1840 995 1911 corporis·

210 1938 259 1990 que
277 1917 428 1990 inquirebat,
441 1917 520 1972 donec
537 1917 640 1972 advenit
656 1919 785 1974 Domitius
802 1917 949 1974 Caecilianus
964 1935 996 1971 ex

210 1996 305 2050 intimis
323 1995 416 2059 unicis,
429 2000 456 2048 et
473 1994 497 2048 ei
515 1994 575 2065 quid
594 1999 697 2050 senatus
715 1996 853 2050 censuisset
871 1993 995 2064 exposuit.

130 2098 131 2143 4
168 2113 181 2138 ,μ
209 2073 296 2144 Igitur
306 2073 396 2126 flentes
408 2072 614 2142 queritantesque
626 2072 670 2142 qui
682 2071 793 2140 aderant,
806 2074 928 2126 facessere
939 2079 1019 2141 pro-2

130 2168 131 2171 ’
210 2167 270 2221 pere
287 2150 405 2213 Thrasea
417 2167 468 2203 neu
482 2148 593 2219 pericula
605 2167 652 2202 sua
663 2149 767 2203 miscere
779 2166 837 2202 cum
849 2151 917 2202 sorte
929 2146 998 2201 dum-

130 2276 131 2287 ,
210 2226 265 2282 nati
281 2226 413 2291 hortatur;
443 2225 593 2294 Arriamque
610 2228 752 2279 tentantem
776 2223 857 2278 mariti
882 2242 998 2295 suprema

211 2307 239 2358 ct
256 2301 398 2373 exemplum
414 2302 495 2356 Arria
515 2301 604 2356 matris
628 2302 707 2372 sequi,
728 2307 813 2356 monet
833 2302 942 2356 retinere
959 2304 996 2355 vi-

211 2386 273 2444 tam,
284 2379 392 2449 filiaque
407 2378 533 2432 communi
545 2377 684 2432 subsidium
702 2378 805 2434 unicum
816 2397 867 2433 non
879 2379 994 2433 adimere.
1007 2387 1043 2442 35

211 2459 279 2514 'l'um
290 2475 439 2528 progressus
450 2455 478 2511 in
492 2456 625 2527 porticum,
638 2455 689 2511 illic
701 2475 716 2510 a
727 2462 852 2528 questore
864 2457 995 2528 reperitur,

211 2536 307 2591 laetitia
324 2535 433 2607 propior,
451 2534 511 2605 quia
526 2533 674 2588 Helvidium
692 2553 812 2606 generum
831 2553 906 2589 suum
923 2533 1000 2589 Italia

212 2617 313 2667 tantum
338 2611 419 2666 arceri
442 2614 601 2682 cognoverat.
643 2613 757 2682 Accepto
781 2611 871 2667 dehinc
898 2615 1024 2666 senatast

213 2689 330 2744 consulto
339 2686 487 2744 Helvidium
496 2692 522 2742 et
534 2687 692 2742 Demetrium
700 2689 727 2743 in
735 2688 877 2744 cubiculum
887 2687 999 2754 inducit3

213 2766 388 2838 porrectisque
399 2765 532 2836 utriusque
543 2764 639 2820 brachii
650 2766 729 2831 venis,
739 2771 873 2838 postquam
885 2783 1000 2820 cruorem

214 2841 313 2905 effudit,
331 2842 436 2897 humum
454 2860 530 2912 super
547 2859 675 2913 spargens,
694 2843 798 2914 propius
822 2847 911 2899 vocato
934 2859 1000 2913 quae·

246 2931 395 2970 rae,rou.1.
583 2919 632 2973 nd
