2550 3500
194 475 212 513 Δ
229 472 247 510 D
264 471 305 520 m]
417 408 612 458 ANNALIUM
630 409 651 458 1.
665 408 768 458 66-59.
958 413 990 460 85

194 521 377 592 Germanisque
395 521 463 576 idem
480 521 628 588 conducere,
647 525 675 577 et
691 516 779 594 pacem
800 540 876 593 qnam
894 521 989 578 bellum

191 599 338 670 probabam.
374 599 444 671 Ergo
456 604 583 670 raptorem
597 600 655 655 filiae
670 619 740 665 meae,
752 599 901 655 violatorem
912 599 1014 655 findet

190 677 227 731 ris
245 677 333 742 vestri,
351 677 496 732 Arminium
514 676 580 748 apud
598 677 704 744 Varum,
725 677 769 748 qui
787 681 844 732 tum
865 677 988 734 exercitui

190 753 351 826 praesidebat,
373 773 445 808 reum
468 753 526 809 feci.
565 753 669 809 Dilatus
692 754 803 826 segnitia
825 754 906 820 ducis,
928 755 1014 826 quiat

188 849 282 903 parum
297 830 409 902 praesidii
424 831 452 885 in
462 830 561 902 legibus
578 835 641 897 erat,
653 835 684 886 ut
699 850 741 887 me
757 835 784 887 et
800 833 944 887 Arminium
961 835 988 888 et

189 910 306 965 conscios
317 909 425 964 vinciret
436 909 557 980 flagitavi.
593 907 681 965 Testis*
689 909 733 965 illa
744 929 803 976 nor,
816 910 879 965 mihi
889 911 988 966 utinam

188 988 277 1059 potius
288 987 439 1042 novissima!
460 987 526 1046 Quae
538 991 627 1042 secuta
638 991 707 1055 suut,
719 986 807 1043 defleri
817 988 899 1060 magis
912 1007 987 1059 quam
998 1001 1013 1048 6

184 1064 294 1120 ,defendi
310 1067 426 1136 possunt.
464 1063 585 1119 Ceterum
603 1068 630 1119 et
647 1065 723 1136 injeci
741 1068 844 1120 catanus
861 1065 986 1131 Arminio,

187 1147 216 1198 et
235 1161 252 1196 a
269 1142 379 1197 lectione
397 1141 453 1212 ejus
467 1141 574 1213 injectas
588 1159 724 1213 perpessus
738 1161 804 1196 snm.
839 1142 927 1212 Atque
942 1142 1012 1200 ubic

186 1220 301 1292 primum
315 1219 355 1274 tui
369 1219 449 1291 copia,
462 1223 551 1274 vetera
561 1219 634 1274 novis
652 1223 679 1274 et
695 1221 784 1290 quieta
794 1219 904 1274 turbidis
916 1224 988 1275 ante·

186 1296 287 1363 habeo;
316 1315 399 1369 neque
422 1295 455 1350 ob
475 1296 614 1368 premium,
637 1295 683 1351 sed
702 1300 733 1351 ut
752 1315 793 1352 me
816 1296 922 1368 perfidia
944 1315 985 1351 ex·

186 1374 302 1441 solvam;
320 1373 396 1428 simul
412 1374 485 1444 genti
504 1373 688 1428 Germanorum
706 1373 812 1429 idoneus
832 1374 986 1438 conciliator,

186 1450 397 1524 sipaenitentiam
409 1468 485 1522 quam
500 1450 637 1522 perniciem
656 1450 782 1505 maluerit.
818 1450 870 1505 Pro
880 1451 1011 1521 juventur

185 1533 215 1584 et
227 1547 314 1584 errore
328 1528 374 1584 filii
384 1528 484 1583 veniam
499 1546 605 1600 precor:
624 1527 702 1582 filiam
718 1527 871 1583 necessitate
882 1529 933 1583 huc
944 1529 986 1584 ad·

185 1606 292 1662 ductam
303 1605 393 1661 fateor.
429 1606 513 1660 Tuum
525 1605 574 1660 erit
586 1605 731 1661 consultare
742 1609 830 1661 utrum
841 1605 984 1676 praevaleat,

185 1683 257 1757 quod
268 1703 301 1738 ex
312 1683 428 1738 Arminio
440 1683 555 1755 concepit
568 1701 601 1738 sn
612 1682 681 1755 quod
692 1702 724 1738 ex
735 1701 777 1738 me
788 1682 876 1756 genita
886 1684 952 1737 est.'’

222 1763 310 1818 Caesar
328 1762 447 1817 clementi
463 1779 585 1833 responso
605 1762 692 1817 liberis
710 1761 910 1834 propinquisque
929 1761 1009 1833 ejuss

183 1840 395 1905 incolumitatem,
413 1840 463 1911 ipsi
480 1838 565 1895 sedem
582 1843 671 1896 vetere
687 1840 716 1895 in
732 1839 862 1912 provincia
884 1838 984 1911 pollice-

183 1922 237 1973 tur.
274 1918 424 1975 Exercitum
435 1917 545 1983 reduxit,
556 1912 699 1989 nom'enque
707 1917 867 1988 imperatoris
879 1921 1008 1981 auctores

182 1997 287 2053 'liberio
309 1997 413 2069 accepit.
458 1996 567 2051 Arminii
589 2014 656 2051 uxor
678 1997 757 2051 virilis
778 2014 857 2051 sexus
876 1996 983 2067 stirpem

182 2075 280 2131 edidit:
300 2074 422 2129 educatus
438 2074 568 2129 Ravenna
579 2092 644 2145 puer
660 2092 711 2145 quo
726 2092 787 2129 mox
801 2072 912 2129 ludibrio
924 2092 983 2129 oon·

181 2154 298 2209 lliotatus
311 2152 352 2218 sit,
366 2152 521 2223 intempore
533 2150 685 2207 memorabo.

218 2230 299 2284 Fama
314 2225 564 2301 dediti'benigneque
582 2229 683 2300 excepti
700 2227 814 2300 Segestis
826 2227 937 2301 vulgata,
950 2233 981 2283 nt
990 2240 1028 2294 59

180 2306 327 2379 quibusque
344 2306 439 2362 bellum
455 2306 542 2361 invitis
559 2310 604 2361 aut
620 2306 781 2377 cupientibus
797 2310 860 2371 erat,
878 2324 923 2377 spe
940 2306 982 2361 vel

180 2385 271 2440 dolore
289 2385 419 2457 accipitur.
456 2383 601 2439 Arminium
619 2402 696 2455 super
712 2384 816 2439 insitam
834 2384 1005 2447 violentiam

178 2467 258 2534 rapta
274 2480 347 2527 uror,
366 2461 497 2535 subjectns
516 2461 620 2517 servitio
636 2462 724 2517 uxoris
739 2465 830 2517 uterus
846 2462 981 2517 vecordem

179 2540 310 2613 agebant;
336 2540 508 2612 volitabatque
526 2558 572 2611 per
590 2540 740 2606 Cheruscos,
759 2558 829 2595 arma
845 2539 873 2595 in
891 2540 980 2611 Sages

179 2622 242 2684 tem,
262 2636 333 2673 arma
350 2618 377 2672 in
395 2618 521 2673 Caesarem
538 2636 654 2689 poscens.
690 2618 783 2689 Neque
799 2617 899 2690 probris
916 2622 1003 2679 tem-3

178 2696 304 2767 perabat:
341 2696 473 2768 egregium
505 2700 612 2767 patrem,
643 2715 763 2768 magnum
792 2696 977 2768 imperatorem,

179 2774 275 2829 fortem
296 2775 444 2840 exercitum,
469 2792 578 2845 quorum
600 2778 642 2829 tot
665 2793 755 2829 manus
778 2773 856 2829 unam
878 2773 978 2828 mulier·

179 2853 262 2908 culam
284 2853 424 2907 evexerint.
461 2852 515 2909 Sibi
536 2856 589 2907 tres
609 2852 730 2925 legiones,
751 2852 860 2907 totidem
879 2850 1002 2921 legatost

179 2929 355 3001 procubuisse.
392 2930 454 2986 Non
468 2930 576 2986 enimse
592 2930 744 3002 proditione,
756 2946 839 2999 neque
856 2927 977 2982 adversus

180 3008 288 3064 seminas
306 3008 432 3081 gravidas,
452 3008 498 3065 sed
515 3008 598 3080 palam
616 3008 738 3063 adversus
755 3009 867 3060 armatos
882 3002 977 3058 bellum
