2550 3500
294 388 341 435 264
627 384 747 432 TACITI

921 448 957 495 [r.
967 444 995 483 u.
1006 446 1029 483 o.
1039 444 1085 482 aon

293 498 416 569 optimum
437 514 564 567 quemque
590 495 749 551 educatorem
777 495 823 549 filii
846 494 921 550 exilio
946 514 977 549 ac
1000 499 1087 548 morte
1139 529 1141 602 p

248 574 286 627 42
294 576 379 640 afficit,
393 574 514 644 datosque
527 591 658 628 anoverca
669 572 790 628 custodiae
799 573 853 642 ejus
865 572 981 642 imponit.
1013 570 1088 625 Non-

294 653 354 707 dum
369 656 454 706 tamcn
466 668 563 704 summa
578 650 661 705 moliri
672 651 813 722 Agrippina
824 649 941 714 audebat,
953 648 981 702 ni
992 650 1088 718 praeto-

293 730 387 784 riarum
405 727 546 784 cohortium
563 744 624 782 cure
647 728 824 782 exolverentur
846 726 942 781 Lusius
967 725 1035 779 Geta
1060 726 1087 777 et

293 807 385 861 Rufius
407 804 545 875 Crispinus,
567 822 630 875 quos
651 805 796 859 Messalina
812 821 935 859 memores
953 805 979 857 ct
997 801 1087 855 liberis

273 886 348 956 rejus
365 882 493 938 devinctos
510 882 636 937 credebat.
672 883 758 953 Igitur
776 882 883 937 distrahi
896 880 1017 935 cohortes
1034 897 1087 932 am-

294 963 350 1017 bitu
366 960 479 1025 duorum,
493 963 519 1013 ct
532 959 554 1013 si
566 959 597 1013 ab
607 977 660 1013 uno
675 964 832 1031 regerentur,
850 958 1014 1013 intentiorem
1029 956 1087 1010 fore

294 1038 449 1109 disciplinam
470 1040 629 1091 asseverante
646 1055 733 1102 uxore,
746 1036 900 1091 transfertur
917 1035 1034 1105 regimen
1046 1050 1087 1088 co

293 1116 404 1171 hortium
416 1114 449 1169 ad
460 1114 570 1168 Burrum
586 1114 728 1179 Afranium,
744 1114 852 1185 egregie
867 1112 983 1167 militaris
1001 1112 1085 1175 fama,

272 1205 400 1263 agnarum
417 1196 503 1245 tamen
517 1191 589 1262 cujus
606 1195 696 1262 sponte
713 1191 891 1261 preficeretur.
928 1189 1008 1243 Suum
1024 1206 1086 1259 quo

295 1288 343 1341 que
367 1269 497 1341 fastigium
520 1268 663 1339 Agrippina
691 1268 813 1323 extollere
841 1266 932 1321 altius:
962 1270 1086 1337 carpento

295 1347 447 1419 Capitolium
457 1344 563 1417 ingredi,
574 1346 618 1415 qui
629 1362 691 1410 mos,
707 1344 880 1399 sacerdotibus
892 1347 919 1398 et
930 1343 1009 1397 sacris
1021 1344 1086 1396 anti-

295 1426 381 1497 quitus
394 1440 534 1488 concessus,
547 1422 736 1477 venerationem
747 1421 857 1493 angebat
865 1421 965 1475 femine
972 1442 980 1486 ;
1000 1437 1084 1491 quam,

294 1504 444 1575 imperatore
456 1500 574 1573 genitam,
589 1516 700 1553 sororem
716 1499 828 1570 ejusqui
840 1511 925 1553 rerum
938 1497 1039 1568 potitus
1052 1497 1086 1550 sit

294 1585 321 1635 et
338 1580 472 1651 conjugem
490 1581 516 1632 et
533 1580 641 1631 matrem
658 1576 745 1641 fuisse,
764 1576 867 1631 unicum
885 1574 918 1629 ad
933 1575 1004 1629 hunc
1019 1572 1086 1628 dicm

273 1658 437 1728 dexemplum
449 1658 497 1709 cst.
533 1654 606 1709 Inter
618 1672 675 1723 qum
686 1654 828 1725 pmcipuus
840 1656 1016 1723 propugnator
1029 1656 1086 1722 ejus

296 1734 425 1799 Vitellius,
443 1730 596 1787 validissima
613 1731 703 1802 gratis,
722 1734 797 1786 aetate
815 1734 935 1795 extrema,
956 1728 1031 1799 (adeo
1049 1731 1087 1784 in-

295 1817 371 1868 certae
390 1813 450 1866 sunt
462 1809 604 1881 potentium
615 1810 676 1878 res)
689 1809 849 1864 accusatione
860 1808 1004 1878 corripitur,
1018 1807 1087 1862 dcte

274 1893 367 1944 brente
383 1887 460 1942 Junio
478 1886 553 1957 Lupo
571 1889 694 1941 senatore.
731 1887 760 1941 Is
777 1886 883 1941 crimina
898 1885 1041 1956 majestatis
1060 1889 1087 1940 ct

296 1965 437 2038 cupidinem
446 1963 545 2035 imperii
554 1961 704 2034 objectabat.
735 1963 940 2034 Praebuissetque
949 1981 1023 2017 aures
1032 1963 1086 2017 Cae·

296 2063 344 2110 sar,
357 2043 408 2099 nisi
418 2041 565 2112 Agrippinae
576 2040 651 2095 minis
664 2040 745 2112 magis
755 2059 829 2112 quam
841 2040 959 2112 precibus
971 2044 1086 2094 mutatus

296 2126 371 2190 esset,
382 2123 412 2175 ut
425 2117 565 2174 accusatori
577 2135 643 2188 aqua
653 2122 730 2190 atque
745 2118 799 2190 igni
809 2117 980 2173 interdiceret.
1016 2117 1087 2172 Hac·

296 2204 372 2254 tenus
383 2197 503 2252 Vitellius
515 2195 637 2250 voluerat.

251 2271 289 2327 43
331 2275 422 2331 Multa
439 2291 469 2329 eo
493 2291 558 2328 anno
583 2271 700 2344 prodigia
720 2289 834 2328 evenere.
870 2271 1002 2327 Insessum
1025 2269 1086 2326 diris

298 2353 386 2408 aribus
404 2351 565 2422 Capitolium,
584 2349 678 2404 crebris
695 2353 771 2404 terre
788 2348 899 2404 motibus
917 2352 1029 2420 proruta
1043 2349 1086 2402 do

297 2449 370 2496 mus3
389 2423 417 2484 ad
429 2427 489 2482 dum
501 2427 577 2482 latius
589 2427 720 2492 metuitur,
737 2427 906 2499 trepidatione
917 2426 989 2497 vulgi
999 2426 1087 2480 invali-

276 2507 346 2562 2dus
365 2507 471 2578 quisque
488 2505 584 2561 obtriti.
620 2505 735 2577 l'rugum
751 2523 851 2577 quoquc
869 2508 970 2577 egestas
987 2509 1015 2558 ct
1031 2507 1087 2558 orta

299 2603 331 2641 ex
354 2602 384 2639 co
402 2582 526 2638 tamesin
545 2581 689 2654 prodigium
707 2583 885 2655 accipiebatur.
921 2581 978 2636 Nec
994 2581 1087 2636 occulti

298 2666 399 2718 tantum
412 2665 524 2732 questus,
538 2659 583 2714 sed
597 2660 656 2730 jura
669 2661 817 2716 reddentem
833 2659 968 2716 Claudium
983 2659 1086 2714 circum

298 2757 385 2796 rasere
409 2737 558 2793 clamoribus
582 2737 699 2805 turbidis,
723 2739 875 2810 pulsumque
898 2737 927 2792 in
949 2740 1087 2792 extremum

299 2818 348 2872 fori
359 2819 457 2888 partem
472 2813 499 2868 vi
512 2811 645 2884 urgebant,
664 2814 744 2871 donec
759 2816 868 2870 militum
884 2814 961 2888 globo
976 2814 1087 2869 infensos

277 2895 420 2966 aperropit.
457 2889 609 2950 Quindecim
627 2889 725 2946 dierum
742 2893 864 2948 alimenta
883 2892 947 2958 urbi,
967 2909 1021 2946 non
1037 2909 1088 2945 am·

300 2971 373 3041 plius,
390 2967 544 3041 superfuisse
559 2967 692 3036 constitit;
717 2989 858 3042 magnaque
878 2970 955 3026 debm
976 2968 1087 3041 benigni·
