<?xml version="1.0" encoding="UTF-8"?>
<!DOCTYPE html PUBLIC "-//W3C//DTD XHTML 1.0 Transitional//EN"
    "http://www.w3.org/TR/xhtml1/DTD/xhtml1-transitional.dtd">
<html xmlns="http://www.w3.org/1999/xhtml" xml:lang="en" lang="en">
 <head>
  <title>
</title>
<meta http-equiv="Content-Type" content="text/html;charset=utf-8" />
  <meta name='ocr-system' content='tesseract 3.04.00' />
  <meta name='ocr-capabilities' content='ocr_page ocr_carea ocr_par ocr_line ocrx_word'/>
</head>
<body>
  <div class='ocr_page' id='page_1' title='image "./operaomniaadfid01tacigoog_0256.png"; bbox 0 0 2550 3500; ppageno 0'>
   <div class='ocr_carea' id='block_1_1' title="bbox 299 359 1091 471">
    <p class='ocr_par' dir='ltr' id='par_1_1' title="bbox 299 359 1091 471">
     <span class='ocr_line' id='line_1_1' title="bbox 299 359 754 409; baseline -0.009 0"><span class='ocrx_word' id='word_1_1' title='bbox 299 363 346 409; x_wconf 77' lang='lat'>250</span> <span class='ocrx_word' id='word_1_2' title='bbox 634 359 754 407; x_wconf 76' lang='lat' dir='ltr'>TACl&#39;l&#39;l</span> 
     </span>
     <span class='ocr_line' id='line_1_2' title="bbox 931 422 1091 471; baseline 0 -10"><span class='ocrx_word' id='word_1_3' title='bbox 931 422 1091 471; x_wconf 70' lang='lat' dir='ltr'>[aneson</span> 
     </span>
    </p>
   </div>
   <div class='ocr_carea' id='block_1_2' title="bbox 278 465 1147 545">
    <p class='ocr_par' dir='ltr' id='par_1_2' title="bbox 278 465 1147 545">
     <span class='ocr_line' id='line_1_3' title="bbox 278 465 1147 545; baseline 0.001 -20"><span class='ocrx_word' id='word_1_4' title='bbox 278 472 350 527; x_wconf 70' lang='lat' dir='ltr'>anisi</span> <span class='ocrx_word' id='word_1_5' title='bbox 368 476 441 529; x_wconf 88' lang='lat' dir='ltr'>atrox</span> <span class='ocrx_word' id='word_1_6' title='bbox 458 477 484 529; x_wconf 92' lang='lat' dir='ltr'>et</span> <span class='ocrx_word' id='word_1_7' title='bbox 500 471 730 545; x_wconf 77' lang='lat' dir='ltr'>propugnatoribus</span> <span class='ocrx_word' id='word_1_8' title='bbox 748 472 866 543; x_wconf 78' lang='lat' dir='ltr'><strong>frequens</strong></span> <span class='ocrx_word' id='word_1_9' title='bbox 882 472 1003 528; x_wconf 87' lang='lat' dir='ltr'>terrebat.</span> <span class='ocrx_word' id='word_1_10' title='bbox 1040 471 1091 526; x_wconf 89' lang='lat' dir='ltr'>Sed</span> <span class='ocrx_word' id='word_1_11' title='bbox 1146 465 1147 502; x_wconf 59' lang='lat'><em>³</em></span> 
     </span>
    </p>
   </div>
   <div class='ocr_carea' id='block_1_3' title="bbox 186 550 1094 3022">
    <p class='ocr_par' dir='ltr' id='par_1_3' title="bbox 257 550 1094 2011">
     <span class='ocr_line' id='line_1_4' title="bbox 302 550 1092 623; baseline -0.001 -17"><span class='ocrx_word' id='word_1_12' title='bbox 302 552 373 606; x_wconf 89' lang='lat' dir='ltr'>miles</span> <span class='ocrx_word' id='word_1_13' title='bbox 385 552 498 623; x_wconf 86' lang='lat' dir='ltr'>praelium</span> <span class='ocrx_word' id='word_1_14' title='bbox 509 569 619 623; x_wconf 90' lang='lat' dir='ltr'>poscere,</span> <span class='ocrx_word' id='word_1_15' title='bbox 639 554 732 605; x_wconf 88' lang='lat' dir='ltr'>cuncta</span> <span class='ocrx_word' id='word_1_16' title='bbox 742 550 838 605; x_wconf 88' lang='lat' dir='ltr'>virtute</span> <span class='ocrx_word' id='word_1_17' title='bbox 849 550 1030 622; x_wconf 72' lang='lat' dir='ltr'>expugnabilia</span> <span class='ocrx_word' id='word_1_18' title='bbox 1041 550 1092 605; x_wconf 87' lang='lat' dir='ltr'>cla-</span> 
     </span>
     <span class='ocr_line' id='line_1_5' title="bbox 301 627 1091 699; baseline 0 -17"><span class='ocrx_word' id='word_1_19' title='bbox 301 628 409 694; x_wconf 86' lang='lat' dir='ltr'>mitare;</span> <span class='ocrx_word' id='word_1_20' title='bbox 426 628 590 699; x_wconf 77' lang='lat' dir='ltr'>praefectique</span> <span class='ocrx_word' id='word_1_21' title='bbox 602 631 628 682; x_wconf 92' lang='lat' dir='ltr'>et</span> <span class='ocrx_word' id='word_1_22' title='bbox 639 627 744 693; x_wconf 79' lang='lat' dir='ltr'>tribimi,</span> <span class='ocrx_word' id='word_1_23' title='bbox 757 629 829 697; x_wconf 84' lang='lat' dir='ltr'>paria</span> <span class='ocrx_word' id='word_1_24' title='bbox 842 627 1002 693; x_wconf 79' lang='lat' dir='ltr'>disserentes,</span> <span class='ocrx_word' id='word_1_25' title='bbox 1021 627 1091 682; x_wconf 85' lang='lat' dir='ltr'>urdo·</span> 
     </span>
     <span class='ocr_line' id='line_1_6' title="bbox 279 704 1091 775; baseline 0 -16"><span class='ocrx_word' id='word_1_26' title='bbox 279 721 355 767; x_wconf 80' lang='lat' dir='ltr'>srem</span> <span class='ocrx_word' id='word_1_27' title='bbox 367 707 492 761; x_wconf 83' lang='lat' dir='ltr'>exercitus</span> <span class='ocrx_word' id='word_1_28' title='bbox 504 704 676 761; x_wconf 75' lang='lat' dir='ltr'>intendebant.</span> <span class='ocrx_word' id='word_1_29' title='bbox 709 706 777 759; x_wconf 87' lang='lat' dir='ltr'>Tum</span> <span class='ocrx_word' id='word_1_30' title='bbox 787 706 913 770; x_wconf 87' lang='lat' dir='ltr'>Ostorius,</span> <span class='ocrx_word' id='word_1_31' title='bbox 924 706 1091 775; x_wconf 84' lang='lat' dir='ltr'>circumspec-</span> 
     </span>
     <span class='ocr_line' id='line_1_7' title="bbox 301 782 1090 855; baseline 0.001 -18"><span class='ocrx_word' id='word_1_32' title='bbox 301 782 335 837; x_wconf 89' lang='lat' dir='ltr'>tis</span> <span class='ocrx_word' id='word_1_33' title='bbox 354 802 410 855; x_wconf 84' lang='lat' dir='ltr'>quae</span> <span class='ocrx_word' id='word_1_34' title='bbox 427 782 626 855; x_wconf 81' lang='lat' dir='ltr'>impenetrabilia</span> <span class='ocrx_word' id='word_1_35' title='bbox 660 802 749 855; x_wconf 81' lang='lat' dir='ltr'>uaeque</span> <span class='ocrx_word' id='word_1_36' title='bbox 798 784 859 849; x_wconf 89' lang='lat' dir='ltr'>rvia,</span> <span class='ocrx_word' id='word_1_37' title='bbox 881 784 952 838; x_wconf 89' lang='lat' dir='ltr'>ducit</span> <span class='ocrx_word' id='word_1_38' title='bbox 969 783 1090 848; x_wconf 79' lang='lat' dir='ltr'>intensos,</span> 
     </span>
     <span class='ocr_line' id='line_1_8' title="bbox 281 852 1093 925; baseline 0.001 -17"><span class='ocrx_word' id='word_1_39' title='bbox 281 862 450 925; x_wconf 76' lang='lat' dir='ltr'>samnemque</span> <span class='ocrx_word' id='word_1_40' title='bbox 473 853 542 909; x_wconf 89' lang='lat' dir='ltr'>haud</span> <span class='ocrx_word' id='word_1_41' title='bbox 566 852 631 909; x_wconf 87' lang='lat' dir='ltr'>diffie</span> <span class='ocrx_word' id='word_1_42' title='bbox 658 859 698 909; x_wconf 90' lang='lat' dir='ltr'>ter</span> <span class='ocrx_word' id='word_1_43' title='bbox 719 872 748 908; x_wconf 91' lang='lat' dir='ltr'>ev</span> <span class='ocrx_word' id='word_1_44' title='bbox 784 855 810 909; x_wconf 89' lang='lat' dir='ltr'>&#39;t.</span> <span class='ocrx_word' id='word_1_45' title='bbox 853 853 907 910; x_wconf 89' lang='lat' dir='ltr'>Ubi</span> <span class='ocrx_word' id='word_1_46' title='bbox 930 858 1035 909; x_wconf 89' lang='lat' dir='ltr'>ventum</span> <span class='ocrx_word' id='word_1_47' title='bbox 1059 854 1093 909; x_wconf 87' lang='lat' dir='ltr'>ad</span> 
     </span>
     <span class='ocr_line' id='line_1_9' title="bbox 302 930 1093 1003; baseline 0 -18"><span class='ocrx_word' id='word_1_48' title='bbox 302 950 428 1003; x_wconf 80' lang='lat' dir='ltr'>aggerem,</span> <span class='ocrx_word' id='word_1_49' title='bbox 447 930 508 985; x_wconf 91' lang='lat' dir='ltr'>dum</span> <span class='ocrx_word' id='word_1_50' title='bbox 525 932 663 987; x_wconf 85' lang='lat' dir='ltr'>missilibus</span> <span class='ocrx_word' id='word_1_51' title='bbox 679 930 832 997; x_wconf 79' lang='lat' dir='ltr'>certabatur,</span> <span class='ocrx_word' id='word_1_52' title='bbox 843 931 901 1003; x_wconf 90' lang='lat' dir='ltr'>plus</span> <span class='ocrx_word' id='word_1_53' title='bbox 915 931 1050 986; x_wconf 88' lang='lat' dir='ltr'>vulnerum</span> <span class='ocrx_word' id='word_1_54' title='bbox 1064 931 1093 985; x_wconf 93' lang='lat' dir='ltr'>in</span> 
     </span>
     <span class='ocr_line' id='line_1_10' title="bbox 279 1008 1093 1081; baseline 0.001 -19"><span class='ocrx_word' id='word_1_55' title='bbox 279 1016 347 1063; x_wconf 78' lang='lat' dir='ltr'>finos</span> <span class='ocrx_word' id='word_1_56' title='bbox 371 1016 395 1063; x_wconf 88' lang='lat' dir='ltr'>et</span> <span class='ocrx_word' id='word_1_57' title='bbox 416 1008 540 1080; x_wconf 82' lang='lat' dir='ltr'>pleraque</span> <span class='ocrx_word' id='word_1_58' title='bbox 561 1010 642 1065; x_wconf 82' lang='lat' dir='ltr'>credes</span> <span class='ocrx_word' id='word_1_59' title='bbox 662 1009 816 1065; x_wconf 88' lang='lat' dir='ltr'>oriebantur.</span> <span class='ocrx_word' id='word_1_60' title='bbox 851 1010 1001 1081; x_wconf 91' lang='lat' dir='ltr'>Postquam,</span> <span class='ocrx_word' id='word_1_61' title='bbox 1022 1009 1093 1063; x_wconf 81' lang='lat' dir='ltr'>lacta</span> 
     </span>
     <span class='ocr_line' id='line_1_11' title="bbox 302 1084 1092 1159; baseline 0.003 -19"><span class='ocrx_word' id='word_1_62' title='bbox 302 1086 437 1151; x_wconf 86' lang='lat' dir='ltr'>testudine,</span> <span class='ocrx_word' id='word_1_63' title='bbox 447 1084 523 1143; x_wconf 90' lang='lat' dir='ltr'>rudes</span> <span class='ocrx_word' id='word_1_64' title='bbox 534 1090 561 1143; x_wconf 89' lang='lat' dir='ltr'>et</span> <span class='ocrx_word' id='word_1_65' title='bbox 568 1086 688 1142; x_wconf 87' lang='lat' dir='ltr'>inlormes</span> <span class='ocrx_word' id='word_1_66' title='bbox 696 1105 814 1141; x_wconf 85' lang='lat' dir='ltr'>saxorum</span> <span class='ocrx_word' id='word_1_67' title='bbox 821 1104 955 1159; x_wconf 85' lang='lat' dir='ltr'>compages</span> <span class='ocrx_word' id='word_1_68' title='bbox 962 1085 1092 1142; x_wconf 81' lang='lat' dir='ltr'>distracta</span> 
     </span>
     <span class='ocr_line' id='line_1_12' title="bbox 302 1163 1092 1235; baseline 0 -18"><span class='ocrx_word' id='word_1_69' title='bbox 302 1182 398 1235; x_wconf 87' lang='lat' dir='ltr'>parque</span> <span class='ocrx_word' id='word_1_70' title='bbox 410 1164 549 1219; x_wconf 87' lang='lat' dir='ltr'>comminus</span> <span class='ocrx_word' id='word_1_71' title='bbox 567 1164 641 1229; x_wconf 86' lang='lat' dir='ltr'>acies,</span> <span class='ocrx_word' id='word_1_72' title='bbox 655 1163 775 1219; x_wconf 90' lang='lat' dir='ltr'>decedere</span> <span class='ocrx_word' id='word_1_73' title='bbox 791 1163 891 1219; x_wconf 84' lang='lat' dir='ltr'>barbari</span> <span class='ocrx_word' id='word_1_74' title='bbox 906 1164 934 1219; x_wconf 91' lang='lat' dir='ltr'>in</span> <span class='ocrx_word' id='word_1_75' title='bbox 945 1163 1010 1235; x_wconf 82' lang='lat' dir='ltr'>juga</span> <span class='ocrx_word' id='word_1_76' title='bbox 1020 1182 1092 1217; x_wconf 87' lang='lat' dir='ltr'>mon·</span> 
     </span>
     <span class='ocr_line' id='line_1_13' title="bbox 279 1240 1093 1313; baseline 0.002 -20"><span class='ocrx_word' id='word_1_77' title='bbox 279 1240 374 1295; x_wconf 74' lang='lat' dir='ltr'>fitium.</span> <span class='ocrx_word' id='word_1_78' title='bbox 411 1240 462 1295; x_wconf 86' lang='lat' dir='ltr'>Sed</span> <span class='ocrx_word' id='word_1_79' title='bbox 480 1260 510 1296; x_wconf 90' lang='lat' dir='ltr'>eo</span> <span class='ocrx_word' id='word_1_80' title='bbox 531 1259 631 1313; x_wconf 87' lang='lat' dir='ltr'>quoque</span> <span class='ocrx_word' id='word_1_81' title='bbox 654 1240 767 1312; x_wconf 86' lang='lat' dir='ltr'>irrupere</span> <span class='ocrx_word' id='word_1_82' title='bbox 787 1240 938 1295; x_wconf 89' lang='lat' dir='ltr'>ferentarius</span> <span class='ocrx_word' id='word_1_83' title='bbox 955 1240 1093 1312; x_wconf 88' lang='lat' dir='ltr'>gravisque</span> 
     </span>
     <span class='ocr_line' id='line_1_14' title="bbox 301 1318 1092 1391; baseline 0 -18"><span class='ocrx_word' id='word_1_84' title='bbox 301 1318 380 1383; x_wconf 89' lang='lat' dir='ltr'>miles,</span> <span class='ocrx_word' id='word_1_85' title='bbox 399 1318 436 1373; x_wconf 92' lang='lat' dir='ltr'>illi</span> <span class='ocrx_word' id='word_1_86' title='bbox 449 1318 507 1373; x_wconf 89' lang='lat' dir='ltr'>telis</span> <span class='ocrx_word' id='word_1_87' title='bbox 524 1318 686 1383; x_wconf 86' lang='lat' dir='ltr'>assultantes,</span> <span class='ocrx_word' id='word_1_88' title='bbox 698 1319 726 1373; x_wconf 90' lang='lat' dir='ltr'>hi</span> <span class='ocrx_word' id='word_1_89' title='bbox 741 1318 855 1375; x_wconf 82' lang='lat' dir='ltr'>conferto</span> <span class='ocrx_word' id='word_1_90' title='bbox 872 1318 961 1391; x_wconf 85' lang='lat' dir='ltr'>gradu,</span> <span class='ocrx_word' id='word_1_91' title='bbox 979 1318 1092 1373; x_wconf 84' lang='lat' dir='ltr'>turbatis</span> 
     </span>
     <span class='ocr_line' id='line_1_15' title="bbox 301 1394 1092 1466; baseline -0.001 -15"><span class='ocrx_word' id='word_1_92' title='bbox 301 1400 390 1451; x_wconf 88' lang='lat' dir='ltr'>contra</span> <span class='ocrx_word' id='word_1_93' title='bbox 405 1395 585 1451; x_wconf 85' lang='lat' dir='ltr'>Britannorum</span> <span class='ocrx_word' id='word_1_94' title='bbox 599 1395 737 1460; x_wconf 88' lang='lat' dir='ltr'>ordinibus,</span> <span class='ocrx_word' id='word_1_95' title='bbox 758 1395 825 1466; x_wconf 89' lang='lat' dir='ltr'>apud</span> <span class='ocrx_word' id='word_1_96' title='bbox 842 1414 906 1465; x_wconf 87' lang='lat' dir='ltr'>quos</span> <span class='ocrx_word' id='word_1_97' title='bbox 921 1395 991 1449; x_wconf 84' lang='lat' dir='ltr'>nulla</span> <span class='ocrx_word' id='word_1_98' title='bbox 1001 1394 1092 1450; x_wconf 86' lang='lat' dir='ltr'>lorica-</span> 
     </span>
     <span class='ocr_line' id='line_1_16' title="bbox 301 1472 1092 1545; baseline 0 -16"><span class='ocrx_word' id='word_1_99' title='bbox 301 1492 357 1529; x_wconf 90' lang='lat' dir='ltr'>rurn</span> <span class='ocrx_word' id='word_1_100' title='bbox 382 1473 541 1545; x_wconf 82' lang='lat' dir='ltr'>galearumve</span> <span class='ocrx_word' id='word_1_101' title='bbox 564 1473 692 1545; x_wconf 87' lang='lat' dir='ltr'>tegmina;</span> <span class='ocrx_word' id='word_1_102' title='bbox 710 1477 737 1527; x_wconf 88' lang='lat' dir='ltr'>et</span> <span class='ocrx_word' id='word_1_103' title='bbox 760 1473 783 1527; x_wconf 92' lang='lat' dir='ltr'>si</span> <span class='ocrx_word' id='word_1_104' title='bbox 801 1472 965 1528; x_wconf 79' lang='lat' dir='ltr'>auxiliaribus</span> <span class='ocrx_word' id='word_1_105' title='bbox 987 1474 1092 1529; x_wconf 79' lang='lat' dir='ltr'>resiste</span> 
     </span>
     <span class='ocr_line' id='line_1_17' title="bbox 300 1550 1090 1623; baseline 0 -18"><span class='ocrx_word' id='word_1_106' title='bbox 300 1555 367 1617; x_wconf 89' lang='lat' dir='ltr'>rent,</span> <span class='ocrx_word' id='word_1_107' title='bbox 386 1550 477 1622; x_wconf 87' lang='lat' dir='ltr'>gladiis</span> <span class='ocrx_word' id='word_1_108' title='bbox 501 1569 530 1605; x_wconf 90' lang='lat' dir='ltr'>ac</span> <span class='ocrx_word' id='word_1_109' title='bbox 547 1550 604 1623; x_wconf 90' lang='lat' dir='ltr'>pilis</span> <span class='ocrx_word' id='word_1_110' title='bbox 621 1550 824 1623; x_wconf 84' lang='lat' dir='ltr'>legionariorum,</span> <span class='ocrx_word' id='word_1_111' title='bbox 842 1551 865 1605; x_wconf 88' lang='lat' dir='ltr'>si</span> <span class='ocrx_word' id='word_1_112' title='bbox 882 1550 933 1605; x_wconf 88' lang='lat' dir='ltr'>hue</span> <span class='ocrx_word' id='word_1_113' title='bbox 950 1555 1090 1616; x_wconf 87' lang='lat' dir='ltr'>verterent,</span> 
     </span>
     <span class='ocr_line' id='line_1_18' title="bbox 279 1627 1094 1701; baseline 0 -16"><span class='ocrx_word' id='word_1_114' title='bbox 279 1629 398 1701; x_wconf 82' lang='lat' dir='ltr'>7spatbia</span> <span class='ocrx_word' id='word_1_115' title='bbox 422 1633 448 1685; x_wconf 92' lang='lat' dir='ltr'>et</span> <span class='ocrx_word' id='word_1_116' title='bbox 467 1628 546 1685; x_wconf 89' lang='lat' dir='ltr'>hastis</span> <span class='ocrx_word' id='word_1_117' title='bbox 564 1628 724 1684; x_wconf 86' lang='lat' dir='ltr'>auxiliarium</span> <span class='ocrx_word' id='word_1_118' title='bbox 741 1627 926 1684; x_wconf 81' lang='lat' dir='ltr'>sternebantur.</span> <span class='ocrx_word' id='word_1_119' title='bbox 963 1629 1039 1684; x_wconf 86' lang='lat' dir='ltr'>Clara</span> <span class='ocrx_word' id='word_1_120' title='bbox 1062 1648 1094 1685; x_wconf 89' lang='lat' dir='ltr'>ea</span> 
     </span>
     <span class='ocr_line' id='line_1_19' title="bbox 301 1705 1092 1777; baseline 0.003 -15"><span class='ocrx_word' id='word_1_121' title='bbox 301 1706 407 1763; x_wconf 91' lang='lat' dir='ltr'>victoria</span> <span class='ocrx_word' id='word_1_122' title='bbox 420 1706 478 1772; x_wconf 85' lang='lat' dir='ltr'>luit,</span> <span class='ocrx_word' id='word_1_123' title='bbox 497 1709 620 1777; x_wconf 86' lang='lat' dir='ltr'>captaque</span> <span class='ocrx_word' id='word_1_124' title='bbox 637 1724 717 1762; x_wconf 89' lang='lat' dir='ltr'>uxore</span> <span class='ocrx_word' id='word_1_125' title='bbox 735 1711 761 1762; x_wconf 90' lang='lat' dir='ltr'>et</span> <span class='ocrx_word' id='word_1_126' title='bbox 779 1705 830 1761; x_wconf 86' lang='lat' dir='ltr'>filia</span> <span class='ocrx_word' id='word_1_127' title='bbox 848 1706 981 1763; x_wconf 87' lang='lat' dir='ltr'>Garactaei</span> <span class='ocrx_word' id='word_1_128' title='bbox 997 1707 1092 1764; x_wconf 81' lang='lat' dir='ltr'>tratres</span> 
     </span>
     <span class='ocr_line' id='line_1_20' title="bbox 257 1782 1093 1856; baseline -0.001 -15"><span class='ocrx_word' id='word_1_129' title='bbox 257 1787 294 1841; x_wconf 84' lang='grc'>36</span> <span class='ocrx_word' id='word_1_130' title='bbox 302 1803 402 1856; x_wconf 90' lang='lat' dir='ltr'>qnoque</span> <span class='ocrx_word' id='word_1_131' title='bbox 419 1784 446 1838; x_wconf 91' lang='lat' dir='ltr'>in</span> <span class='ocrx_word' id='word_1_132' title='bbox 464 1782 616 1838; x_wconf 87' lang='lat' dir='ltr'>deditionem</span> <span class='ocrx_word' id='word_1_133' title='bbox 634 1784 740 1856; x_wconf 88' lang='lat' dir='ltr'>accepti.</span> <span class='ocrx_word' id='word_1_134' title='bbox 777 1785 838 1855; x_wconf 89' lang='lat' dir='ltr'>Ipse</span> <span class='ocrx_word' id='word_1_135' title='bbox 857 1788 897 1851; x_wconf 86' lang='lat' dir='ltr'>(ut</span> <span class='ocrx_word' id='word_1_136' title='bbox 914 1784 995 1839; x_wconf 78' lang='lat' dir='ltr'>imme</span> <span class='ocrx_word' id='word_1_137' title='bbox 1005 1785 1093 1840; x_wconf 78' lang='lat' dir='ltr'>intuta</span> 
     </span>
     <span class='ocr_line' id='line_1_21' title="bbox 301 1860 1092 1934; baseline 0.001 -18"><span class='ocrx_word' id='word_1_138' title='bbox 301 1865 362 1916; x_wconf 88' lang='lat' dir='ltr'>sunt</span> <span class='ocrx_word' id='word_1_139' title='bbox 374 1860 495 1926; x_wconf 74' lang='lat' dir='ltr'>adversa)</span> <span class='ocrx_word' id='word_1_140' title='bbox 509 1879 566 1915; x_wconf 89' lang='lat' dir='ltr'>eum</span> <span class='ocrx_word' id='word_1_141' title='bbox 577 1860 654 1916; x_wconf 90' lang='lat' dir='ltr'>fidem</span> <span class='ocrx_word' id='word_1_142' title='bbox 665 1861 866 1916; x_wconf 84' lang='lat' dir='ltr'>Cartismanduae</span> <span class='ocrx_word' id='word_1_143' title='bbox 877 1862 971 1934; x_wconf 79' lang='lat' dir='ltr'>regine</span> <span class='ocrx_word' id='word_1_144' title='bbox 982 1862 1092 1934; x_wconf 83' lang='lat' dir='ltr'>Brigan-</span> 
     </span>
     <span class='ocr_line' id='line_1_22' title="bbox 300 1939 1092 2011; baseline 0.003 -17"><span class='ocrx_word' id='word_1_145' title='bbox 300 1943 357 1995; x_wconf 89' lang='lat' dir='ltr'>tum</span> <span class='ocrx_word' id='word_1_146' title='bbox 369 1940 508 2011; x_wconf 83' lang='lat' dir='ltr'>petivisset,</span> <span class='ocrx_word' id='word_1_147' title='bbox 519 1939 619 1994; x_wconf 85' lang='lat' dir='ltr'>vinctus</span> <span class='ocrx_word' id='word_1_148' title='bbox 632 1957 662 1994; x_wconf 86' lang='lat' dir='ltr'>ac</span> <span class='ocrx_word' id='word_1_149' title='bbox 673 1939 811 1996; x_wconf 91' lang='lat' dir='ltr'>victoribus</span> <span class='ocrx_word' id='word_1_150' title='bbox 828 1939 939 1996; x_wconf 79' lang='lat' dir='ltr'>traditus</span> <span class='ocrx_word' id='word_1_151' title='bbox 957 1945 1006 2007; x_wconf 90' lang='lat' dir='ltr'>est,</span> <span class='ocrx_word' id='word_1_152' title='bbox 1023 1961 1092 1996; x_wconf 89' lang='lat' dir='ltr'>nouo</span> 
     </span>
    </p>

    <p class='ocr_par' dir='ltr' id='par_1_4' title="bbox 186 2017 1093 3022">
     <span class='ocr_line' id='line_1_23' title="bbox 186 2017 1092 2090; baseline 0.007 -20"><span class='ocrx_word' id='word_1_153' title='bbox 186 2040 192 2054; x_wconf 89' lang='lat'><em>·</em></span> <span class='ocrx_word' id='word_1_154' title='bbox 278 2021 359 2090; x_wconf 75' lang='lat' dir='ltr'>tpost</span> <span class='ocrx_word' id='word_1_155' title='bbox 376 2036 441 2073; x_wconf 88' lang='lat' dir='ltr'>anno</span> <span class='ocrx_word' id='word_1_156' title='bbox 460 2036 534 2089; x_wconf 88' lang='lat' dir='ltr'>quam</span> <span class='ocrx_word' id='word_1_157' title='bbox 551 2017 646 2074; x_wconf 89' lang='lat' dir='ltr'>bellum</span> <span class='ocrx_word' id='word_1_158' title='bbox 663 2018 690 2073; x_wconf 90' lang='lat' dir='ltr'>in</span> <span class='ocrx_word' id='word_1_159' title='bbox 708 2017 841 2074; x_wconf 87' lang='lat' dir='ltr'>Britannia</span> <span class='ocrx_word' id='word_1_160' title='bbox 860 2022 979 2089; x_wconf 76' lang='lat' dir='ltr'>acptmn.</span> <span class='ocrx_word' id='word_1_161' title='bbox 1014 2019 1092 2076; x_wconf 87' lang='lat' dir='ltr'>Unde</span> 
     </span>
     <span class='ocr_line' id='line_1_24' title="bbox 300 2095 1092 2168; baseline 0.001 -17"><span class='ocrx_word' id='word_1_162' title='bbox 300 2097 369 2152; x_wconf 83' lang='lat' dir='ltr'>sama</span> <span class='ocrx_word' id='word_1_163' title='bbox 379 2096 434 2168; x_wconf 92' lang='lat' dir='ltr'>ejus</span> <span class='ocrx_word' id='word_1_164' title='bbox 446 2099 540 2160; x_wconf 84' lang='lat' dir='ltr'>evecta,</span> <span class='ocrx_word' id='word_1_165' title='bbox 553 2095 649 2150; x_wconf 87' lang='lat' dir='ltr'>insulas</span> <span class='ocrx_word' id='word_1_166' title='bbox 661 2100 687 2151; x_wconf 92' lang='lat' dir='ltr'>et</span> <span class='ocrx_word' id='word_1_167' title='bbox 699 2096 826 2166; x_wconf 86' lang='lat' dir='ltr'>proximas</span> <span class='ocrx_word' id='word_1_168' title='bbox 843 2097 985 2166; x_wconf 85' lang='lat' dir='ltr'>provincias</span> <span class='ocrx_word' id='word_1_169' title='bbox 1004 2115 1092 2168; x_wconf 81' lang='lat' dir='ltr'>perra</span> 
     </span>
     <span class='ocr_line' id='line_1_25' title="bbox 301 2172 1092 2246; baseline 0.003 -18"><span class='ocrx_word' id='word_1_170' title='bbox 301 2178 368 2246; x_wconf 86' lang='lat' dir='ltr'>gata,</span> <span class='ocrx_word' id='word_1_171' title='bbox 382 2192 427 2246; x_wconf 90' lang='lat' dir='ltr'>per</span> <span class='ocrx_word' id='word_1_172' title='bbox 439 2172 541 2228; x_wconf 87' lang='lat' dir='ltr'>Italiam</span> <span class='ocrx_word' id='word_1_173' title='bbox 552 2191 653 2244; x_wconf 88' lang='lat' dir='ltr'>quoque</span> <span class='ocrx_word' id='word_1_174' title='bbox 669 2172 860 2239; x_wconf 81' lang='lat' dir='ltr'>celebrabatur3</span> <span class='ocrx_word' id='word_1_175' title='bbox 881 2173 1040 2246; x_wconf 85' lang='lat' dir='ltr'>avebantque</span> <span class='ocrx_word' id='word_1_176' title='bbox 1054 2176 1092 2230; x_wconf 93' lang='lat' dir='ltr'>vi·</span> 
     </span>
     <span class='ocr_line' id='line_1_26' title="bbox 280 2251 1092 2323; baseline -0.005 -11"><span class='ocrx_word' id='word_1_177' title='bbox 280 2267 357 2312; x_wconf 78' lang='lat' dir='ltr'>asere</span> <span class='ocrx_word' id='word_1_178' title='bbox 369 2252 425 2323; x_wconf 86' lang='lat' dir='ltr'>quis</span> <span class='ocrx_word' id='word_1_179' title='bbox 437 2251 479 2308; x_wconf 91' lang='lat' dir='ltr'>ille</span> <span class='ocrx_word' id='word_1_180' title='bbox 490 2254 530 2306; x_wconf 91' lang='lat' dir='ltr'>tot</span> <span class='ocrx_word' id='word_1_181' title='bbox 543 2269 588 2322; x_wconf 85' lang='lat' dir='ltr'>per</span> <span class='ocrx_word' id='word_1_182' title='bbox 600 2269 679 2306; x_wconf 88' lang='lat' dir='ltr'>annos</span> <span class='ocrx_word' id='word_1_183' title='bbox 691 2269 753 2322; x_wconf 92' lang='lat' dir='ltr'>opes</span> <span class='ocrx_word' id='word_1_184' title='bbox 764 2259 865 2306; x_wconf 88' lang='lat' dir='ltr'>nostras</span> <span class='ocrx_word' id='word_1_185' title='bbox 877 2251 1023 2322; x_wconf 88' lang='lat' dir='ltr'>sprevisset.</span> <span class='ocrx_word' id='word_1_186' title='bbox 1049 2253 1092 2308; x_wconf 87' lang='lat' dir='ltr'>Ne</span> 
     </span>
     <span class='ocr_line' id='line_1_27' title="bbox 301 2327 1092 2402; baseline 0.003 -18"><span class='ocrx_word' id='word_1_187' title='bbox 301 2330 390 2384; x_wconf 79' lang='lat' dir='ltr'>Romae</span> <span class='ocrx_word' id='word_1_188' title='bbox 400 2328 501 2402; x_wconf 89' lang='lat' dir='ltr'>quidem</span> <span class='ocrx_word' id='word_1_189' title='bbox 512 2327 622 2400; x_wconf 90' lang='lat' dir='ltr'>ignobile</span> <span class='ocrx_word' id='word_1_190' title='bbox 635 2328 767 2383; x_wconf 86' lang='lat' dir='ltr'>Caractaci</span> <span class='ocrx_word' id='word_1_191' title='bbox 777 2346 870 2383; x_wconf 88' lang='lat' dir='ltr'>nomen</span> <span class='ocrx_word' id='word_1_192' title='bbox 880 2332 948 2395; x_wconf 85' lang='lat' dir='ltr'>erat;</span> <span class='ocrx_word' id='word_1_193' title='bbox 966 2333 993 2384; x_wconf 89' lang='lat' dir='ltr'>et</span> <span class='ocrx_word' id='word_1_194' title='bbox 1005 2330 1092 2386; x_wconf 74' lang='lat' dir='ltr'>cesar</span> 
     </span>
     <span class='ocr_line' id='line_1_28' title="bbox 278 2404 1093 2476; baseline -0.001 -13"><span class='ocrx_word' id='word_1_195' title='bbox 278 2406 360 2464; x_wconf 69' lang='lat' dir='ltr'>edum</span> <span class='ocrx_word' id='word_1_196' title='bbox 373 2425 447 2461; x_wconf 90' lang='lat' dir='ltr'>suum</span> <span class='ocrx_word' id='word_1_197' title='bbox 459 2405 535 2462; x_wconf 88' lang='lat' dir='ltr'>decus</span> <span class='ocrx_word' id='word_1_198' title='bbox 548 2405 654 2470; x_wconf 88' lang='lat' dir='ltr'>extollit,</span> <span class='ocrx_word' id='word_1_199' title='bbox 672 2404 768 2462; x_wconf 87' lang='lat' dir='ltr'>addidit</span> <span class='ocrx_word' id='word_1_200' title='bbox 780 2405 886 2476; x_wconf 86' lang='lat' dir='ltr'>gloriam</span> <span class='ocrx_word' id='word_1_201' title='bbox 897 2407 973 2462; x_wconf 92' lang='lat' dir='ltr'>victo.</span> <span class='ocrx_word' id='word_1_202' title='bbox 1010 2408 1093 2462; x_wconf 85' lang='lat' dir='ltr'>Voca-</span> 
     </span>
     <span class='ocr_line' id='line_1_29' title="bbox 300 2482 1092 2555; baseline 0.001 -16"><span class='ocrx_word' id='word_1_203' title='bbox 300 2488 344 2540; x_wconf 86' lang='lat' dir='ltr'>tus</span> <span class='ocrx_word' id='word_1_204' title='bbox 357 2483 448 2555; x_wconf 89' lang='lat' dir='ltr'>quippe</span> <span class='ocrx_word' id='word_1_205' title='bbox 460 2487 490 2538; x_wconf 94' lang='lat' dir='ltr'>ut</span> <span class='ocrx_word' id='word_1_206' title='bbox 503 2482 535 2537; x_wconf 89' lang='lat' dir='ltr'>ad</span> <span class='ocrx_word' id='word_1_207' title='bbox 546 2483 646 2554; x_wconf 86' lang='lat' dir='ltr'>insigne</span> <span class='ocrx_word' id='word_1_208' title='bbox 657 2482 828 2553; x_wconf 82' lang='lat' dir='ltr'>spectaculum</span> <span class='ocrx_word' id='word_1_209' title='bbox 837 2483 953 2555; x_wconf 88' lang='lat' dir='ltr'>populna.</span> <span class='ocrx_word' id='word_1_210' title='bbox 990 2484 1092 2540; x_wconf 82' lang='lat' dir='ltr'>Stetere</span> 
     </span>
     <span class='ocr_line' id='line_1_30' title="bbox 300 2561 1092 2634; baseline 0.005 -18"><span class='ocrx_word' id='word_1_211' title='bbox 300 2562 328 2618; x_wconf 91' lang='lat' dir='ltr'>iu</span> <span class='ocrx_word' id='word_1_212' title='bbox 340 2562 415 2616; x_wconf 88' lang='lat' dir='ltr'>armis</span> <span class='ocrx_word' id='word_1_213' title='bbox 428 2561 551 2633; x_wconf 81' lang='lat' dir='ltr'>pretorie</span> <span class='ocrx_word' id='word_1_214' title='bbox 566 2561 684 2616; x_wconf 78' lang='lat' dir='ltr'>cohortes</span> <span class='ocrx_word' id='word_1_215' title='bbox 699 2578 788 2631; x_wconf 89' lang='lat' dir='ltr'>campo</span> <span class='ocrx_word' id='word_1_216' title='bbox 804 2561 849 2632; x_wconf 93' lang='lat' dir='ltr'>qui</span> <span class='ocrx_word' id='word_1_217' title='bbox 865 2564 950 2617; x_wconf 86' lang='lat' dir='ltr'>castra</span> <span class='ocrx_word' id='word_1_218' title='bbox 964 2563 1092 2634; x_wconf 81' lang='lat' dir='ltr'>praejacet.</span> 
     </span>
     <span class='ocr_line' id='line_1_31' title="bbox 278 2639 1091 2714; baseline 0.001 -17"><span class='ocrx_word' id='word_1_219' title='bbox 278 2641 373 2697; x_wconf 80' lang='lat' dir='ltr'>tTuuc</span> <span class='ocrx_word' id='word_1_220' title='bbox 395 2639 569 2696; x_wconf 90' lang='lat' dir='ltr'>incedentibus</span> <span class='ocrx_word' id='word_1_221' title='bbox 592 2640 671 2711; x_wconf 88' lang='lat' dir='ltr'>regiis</span> <span class='ocrx_word' id='word_1_222' title='bbox 691 2639 814 2695; x_wconf 88' lang='lat' dir='ltr'>clientelis</span> <span class='ocrx_word' id='word_1_223' title='bbox 838 2640 955 2711; x_wconf 84' lang='lat' dir='ltr'>phalerae,</span> <span class='ocrx_word' id='word_1_224' title='bbox 976 2645 1091 2714; x_wconf 78' lang='lat' dir='ltr'>torques,</span> 
     </span>
     <span class='ocr_line' id='line_1_32' title="bbox 301 2716 1093 2790; baseline 0.003 -16"><span class='ocrx_word' id='word_1_225' title='bbox 301 2737 407 2790; x_wconf 90' lang='lat' dir='ltr'>quaeque</span> <span class='ocrx_word' id='word_1_226' title='bbox 418 2717 489 2774; x_wconf 90' lang='lat' dir='ltr'>bellis</span> <span class='ocrx_word' id='word_1_227' title='bbox 499 2716 610 2772; x_wconf 86' lang='lat' dir='ltr'>externis</span> <span class='ocrx_word' id='word_1_228' title='bbox 622 2717 779 2787; x_wconf 81' lang='lat' dir='ltr'>quaesiverat,</span> <span class='ocrx_word' id='word_1_229' title='bbox 788 2718 917 2784; x_wconf 81' lang='lat' dir='ltr'>traducta3</span> <span class='ocrx_word' id='word_1_230' title='bbox 929 2736 991 2774; x_wconf 82' lang='lat' dir='ltr'>mox</span> <span class='ocrx_word' id='word_1_231' title='bbox 998 2719 1093 2776; x_wconf 82' lang='lat' dir='ltr'>fratres</span> 
     </span>
     <span class='ocr_line' id='line_1_33' title="bbox 279 2794 1093 2867; baseline 0.001 -14"><span class='ocrx_word' id='word_1_232' title='bbox 279 2801 328 2854; x_wconf 78' lang='lat' dir='ltr'>tet</span> <span class='ocrx_word' id='word_1_233' title='bbox 337 2796 428 2867; x_wconf 89' lang='lat' dir='ltr'>conjux</span> <span class='ocrx_word' id='word_1_234' title='bbox 440 2799 466 2849; x_wconf 90' lang='lat' dir='ltr'>et</span> <span class='ocrx_word' id='word_1_235' title='bbox 483 2794 541 2861; x_wconf 86' lang='lat' dir='ltr'>filia,</span> <span class='ocrx_word' id='word_1_236' title='bbox 553 2797 681 2864; x_wconf 89' lang='lat' dir='ltr'>postremo</span> <span class='ocrx_word' id='word_1_237' title='bbox 692 2794 747 2865; x_wconf 91' lang='lat' dir='ltr'>ipse</span> <span class='ocrx_word' id='word_1_238' title='bbox 758 2799 909 2851; x_wconf 88' lang='lat' dir='ltr'>ostentatus.</span> <span class='ocrx_word' id='word_1_239' title='bbox 940 2797 1093 2854; x_wconf 84' lang='lat' dir='ltr'>Ceterorum</span> 
     </span>
     <span class='ocr_line' id='line_1_34' title="bbox 301 2871 1092 2945; baseline 0.003 -15"><span class='ocrx_word' id='word_1_240' title='bbox 301 2892 387 2945; x_wconf 89' lang='lat' dir='ltr'>preces</span> <span class='ocrx_word' id='word_1_241' title='bbox 400 2873 535 2944; x_wconf 81' lang='lat' dir='ltr'>degeneres</span> <span class='ocrx_word' id='word_1_242' title='bbox 547 2871 619 2926; x_wconf 86' lang='lat' dir='ltr'>fuere</span> <span class='ocrx_word' id='word_1_243' title='bbox 630 2889 663 2926; x_wconf 87' lang='lat' dir='ltr'>ex</span> <span class='ocrx_word' id='word_1_244' title='bbox 674 2876 759 2928; x_wconf 86' lang='lat' dir='ltr'>metu:</span> <span class='ocrx_word' id='word_1_245' title='bbox 778 2877 805 2928; x_wconf 89' lang='lat' dir='ltr'>at</span> <span class='ocrx_word' id='word_1_246' title='bbox 816 2892 869 2928; x_wconf 91' lang='lat' dir='ltr'>non</span> <span class='ocrx_word' id='word_1_247' title='bbox 880 2874 1034 2932; x_wconf 84' lang='lat' dir='ltr'>Onraetacas</span> <span class='ocrx_word' id='word_1_248' title='bbox 1046 2885 1092 2932; x_wconf 86' lang='lat' dir='ltr'>aut</span> 
     </span>
     <span class='ocr_line' id='line_1_35' title="bbox 256 2947 1093 3022; baseline 0.005 -16"><span class='ocrx_word' id='word_1_249' title='bbox 256 2957 293 3013; x_wconf 81' lang='grc'>37</span> <span class='ocrx_word' id='word_1_250' title='bbox 302 2951 375 3007; x_wconf 89' lang='lat' dir='ltr'>vultu</span> <span class='ocrx_word' id='word_1_251' title='bbox 387 2949 495 3006; x_wconf 68' lang='lat' dir='ltr'>derauso</span> <span class='ocrx_word' id='word_1_252' title='bbox 506 2952 551 3004; x_wconf 89' lang='lat' dir='ltr'>aut</span> <span class='ocrx_word' id='word_1_253' title='bbox 559 2947 643 3004; x_wconf 84' lang='lat' dir='ltr'>verbis</span> <span class='ocrx_word' id='word_1_254' title='bbox 654 2949 852 3006; x_wconf 82' lang='lat' dir='ltr'>misericordiam</span> <span class='ocrx_word' id='word_1_255' title='bbox 862 2951 1002 3022; x_wconf 82' lang='lat' dir='ltr'>requirens.</span> <span class='ocrx_word' id='word_1_256' title='bbox 1038 2955 1093 3010; x_wconf 90' lang='lat' dir='ltr'>Ubi</span> 
     </span>
    </p>
   </div>
   <div class='ocr_carea' id='block_1_4' title="bbox 1142 1595 1148 1791">
    <p class='ocr_par' dir='ltr' id='par_1_5' title="bbox 1142 1595 1148 1791">
     <span class='ocr_line' id='line_1_36' title="bbox 1142 1595 1148 1791; baseline 0 0"><span class='ocrx_word' id='word_1_257' title='bbox 1142 1595 1148 1791; x_wconf 85' lang='lat' dir='ltr'>l</span> 
     </span>
    </p>
   </div>
   <div class='ocr_carea' id='block_1_5' title="bbox 0 0 1283 3500">
    <p class='ocr_par' dir='ltr' id='par_1_6' title="bbox 0 0 1283 3500">
     <span class='ocr_line' id='line_1_37' title="bbox 0 0 1283 3500; baseline 0 0"><span class='ocrx_word' id='word_1_258' title='bbox 0 0 1283 3500; x_wconf 95' lang='lat' dir='ltr'> </span> 
     </span>
    </p>
   </div>
  </div>
 </body>
</html>
