2550 3500
290 399 322 450 68
623 399 742 450 rac1r1

886 462 921 510 [a
930 461 956 500 u
964 462 985 500 c
993 459 1037 505 raa.
1045 461 1073 504 ra

290 511 322 566 iis
340 509 431 582 quibus
452 510 537 566 omnia
553 510 702 582 principum,
720 511 827 566 honesta
843 514 920 582 atque
937 508 1079 580 nonnata,

290 587 392 642 laudare
415 605 469 642 mos
490 592 538 654 est,
559 588 644 659 plures
667 606 713 659 per
736 587 864 643 silentium
884 591 929 641 aut
949 588 1080 643 occultum

267 669 405 719 8murmar
419 681 547 734 excepere.
583 665 719 736 Sensitque
737 664 870 728 'liberius3
891 668 925 729 et,
941 682 999 719 cum
1017 683 1080 735 pau-

290 741 343 796 lum
355 741 506 806 reticuisset,
520 741 628 796 Hortalo
641 759 668 795 se
684 741 843 812 respondisse
854 741 905 795 ait:
924 745 1043 806 ceterum,
1056 742 1081 796 si

290 818 405 888 patribus
421 816 556 883 videretur,
570 816 687 872 daturum
703 814 788 872 liberis
804 818 860 889 ejus
876 817 973 872 ducena
988 821 1080 872 sester-

267 894 328 949 9tia
339 895 453 967 singulis,
464 896 509 966 qui
520 913 595 950 sexus
608 895 687 950 virilis
698 900 792 950 esarut.
827 896 911 965 ligere
923 895 965 949 alii
976 900 1078 967 gratas:

290 971 361 1026 afluit
373 972 505 1037 Hortalus,
518 991 619 1044 pavore,
633 991 666 1027 au
677 972 751 1026 avitae
764 971 904 1026 nobilitatis
919 971 996 1027 etiam
1011 972 1080 1027 inter

252 1053 281 1101 1⁰
290 1050 421 1120 angustias
433 1049 541 1104 lortuuae
552 1049 672 1104 retinens.
708 1049 799 1119 Neque
811 1048 945 1103 miseratus
957 1052 998 1103 est
1008 1053 1079 1120 post

289 1127 337 1181 hac
353 1127 477 1192 Tiberirm,
499 1127 612 1197 quamvis
631 1128 721 1181 domus
738 1125 870 1180 Hortensii
887 1125 1029 1197 pudendam
1045 1126 1080 1181 ad

289 1203 399 1273 inopiam
411 1203 576 1258 delaberetur.

243 1283 280 1339 39
323 1279 419 1335 Eodem
432 1298 497 1334 anno
513 1279 630 1351 mancipii
645 1279 721 1334 unius
736 1278 847 1343 audacia,
859 1279 887 1332 ni
902 1283 1001 1334 mature
1017 1279 1079 1336 sub-

289 1361 394 1412 ventum
410 1357 484 1422 soret,
502 1356 633 1412 discordiis
652 1357 777 1426 armisque
793 1354 908 1410 civilibus
925 1375 979 1410 rem
996 1356 1078 1426 publi·

265 1443 344 1490 2cam
367 1433 524 1505 perculisset.
572 1433 690 1488 Postumi
712 1432 832 1503 Agrippa
855 1450 951 1497 servus,
975 1433 1078 1488 nomine

290 1509 413 1576 Clemens,
436 1513 564 1578 comperto
584 1511 634 1565 fine
656 1509 775 1580 Augusti,
794 1525 900 1579 pergere
921 1509 949 1562 in
967 1509 1078 1565 insulam

288 1587 438 1652 Planasiam,
461 1591 487 1641 et
507 1585 595 1641 fraude
617 1590 662 1640 aut
683 1587 709 1640 vi
728 1590 829 1657 raptum
849 1586 990 1657 Agrippam
1008 1586 1078 1643 ferre

289 1663 321 1718 ad
341 1663 435 1718 exercit
424 1668 466 1718 tus
488 1663 649 1718 Germanicos
669 1681 721 1718 uon
741 1662 826 1717 servili
846 1663 930 1716 animo
950 1663 1076 1734 concepit.
1147 1703 1148 1731 ,

265 1742 359 1796 3Ausa
381 1740 436 1812 ejus
459 1734 581 1811 inpedivit
569 1739 712 1795 ttsrditas
735 1739 855 1795 onerariae
878 1739 966 1807 navis;
997 1745 1078 1830 atque

287 1817 389 1871 mterim
406 1821 479 1889 patra
478 1822 506 1871 te
478 1817 600 1885 tcaede,
618 1817 651 1871 ad
672 1817 767 1888 majora
785 1822 813 1872 et
834 1817 915 1889 magis
935 1818 1079 1889 precipitio
1145 1815 1147 1832 '

287 1910 423 1948 conversus
443 1894 543 1948 iuratur
566 1894 670 1959 cineres,
691 1900 830 1964 vectusque
849 1893 943 1949 Cosam
963 1894 1078 1951 Etruriae

287 1970 513 2040 promontorium
505 1978 577 2041 rgnot
578 1972 600 2026 is
566 1970 683 2025 tlocis
703 1988 758 2025 sese
778 1969 856 2036 abdit,
878 1970 958 2027 donec
979 1972 1077 2027 crinem

287 2045 439 2117 barbamque
450 2048 623 2118 promitteret:
642 2064 700 2101 nam
711 2051 787 2102 vetate
801 2053 829 2102 et
844 2047 925 2102 torma
939 2048 1008 2102 haud
1023 2049 1077 2103 dis·
1142 2101 1144 2135 Ι

263 2124 363 2179 4simili
379 2124 407 2179 iu
423 2124 552 2179 dominum
569 2128 632 2180 erat.
667 2125 733 2179 Tum
754 2142 800 2196 per
815 2125 919 2180 idoneos
935 2130 964 2181 et
981 2128 1077 2183 secreti

287 2202 341 2273 ejus
354 2201 434 2256 socios
446 2200 581 2257 crebrescit
594 2202 677 2257 vivere
688 2202 835 2274 Agrippam,
846 2203 952 2259 occultis
964 2204 1076 2275 primum

287 2278 450 2344 sermonibus,
468 2282 499 2333 ut
519 2278 599 2334 vetita
616 2279 705 2345 solent,
723 2298 782 2334 mox
799 2298 864 2352 vago
883 2298 986 2335 rumore
1003 2281 1074 2352 apud

286 2356 458 2428 inperitissimi
470 2358 592 2429 cujusque
604 2363 733 2429 promptas
745 2376 826 2423 auras,
836 2362 881 2413 aut
892 2377 994 2413 rursum
1005 2358 1076 2430 apud

263 2433 402 2489 atarbidos
414 2452 494 2505 eoque
505 2452 571 2489 nova
583 2434 722 2506 cupientes.
746 2436 833 2506 Atque
844 2435 899 2506 ipse
911 2435 980 2491 adire
992 2436 1076 2491 muni·

288 2510 354 2581 cipis
364 2510 472 2565 obscuro
484 2510 541 2577 diei,
551 2530 633 2583 neque
644 2511 773 2582 propalam
785 2512 870 2582 aspici,
880 2530 963 2583 noque
974 2512 1075 2568 diutius

286 2588 365 2643 isdem
377 2588 446 2653 locis,
456 2588 502 2643 sed
513 2590 674 2660 quiavaritas
683 2590 741 2643 visu
749 2594 775 2644 et
784 2608 862 2655 mora,
872 2590 936 2645 falsa
946 2590 1076 2647 festinati·
1137 2601 1139 2636 ¹

286 2682 334 2720 one
346 2671 372 2720 et
385 2665 488 2720 incertis
497 2666 634 2731 valescunt,
647 2666 805 2737 relinquebat
816 2666 909 2721 lamam
920 2670 965 2721 aut
976 2684 1076 2737 praeve-
1136 2683 1138 2736 ι

239 2746 278 2803 40
286 2742 379 2798 aiebat.
417 2741 577 2813 Vulgabatur
593 2742 695 2797 interim
706 2761 752 2813 per
764 2742 865 2797 ltaliam
877 2747 1006 2798 servatum
1017 2762 1076 2799 mu·
1135 2775 1136 2836 p

285 2838 346 2875 nere
363 2818 438 2874 deum
450 2818 598 2891 Agrippam,
615 2817 765 2873 credebatur
782 2820 886 2886 Romoe3
902 2821 1006 2891 jamque
1023 2822 1077 2877 Os-

285 2896 347 2951 tiam
365 2896 494 2951 iuvectum
512 2894 650 2950 multitudo
665 2896 762 2966 ingens,
773 2897 827 2967 jam
842 2896 870 2951 in
885 2896 948 2951 urbe
961 2898 1076 2952 clandes-
1133 2869 1136 2938 l

285 2974 334 3029 tini
345 2980 426 3030 coetus
444 2971 612 3040 celebrabant,
625 2988 683 3028 cum
694 2972 824 3028 liberium
840 2991 933 3045 anceps
948 2992 1012 3029 cura
1022 2974 1076 3030 dis—

131 3106 242 3182 k
891 3184 894 3190 .
1119 3145 1133 3198 ,ι
