2550 3500
294 355 328 408 v74
624 361 744 410 TAClTI

923 428 958 476 [s.
967 428 993 466 u.
1002 429 1024 467 o.
1035 427 1080 470 am

297 466 412 522 Tmolum
424 467 503 524 levari
513 469 579 526 idem
591 471 618 526 in
628 477 730 544 tempus
741 473 853 541 tributis,
866 476 984 547 mittique
996 497 1029 532 ex
1040 497 1081 532 se-

275 549 361 601 5natu
373 543 466 615 placuit
479 547 522 616 qui
533 550 668 617 praesentia
679 556 805 622 spectaret
817 553 999 624 refoveretque.
1028 555 1082 609 De·

297 619 378 675 lectus
394 626 433 676 est
445 621 484 677 M.
494 623 584 680 Aletus
596 644 610 680 e
622 628 755 697 pretoriis,
768 647 800 683 ne
812 630 938 685 consulari
949 631 1082 686 obtinente

297 697 384 752 Asiam
396 698 521 754 emulatio
532 701 599 756 inter
610 721 683 773 pares
691 709 717 759 et
725 723 757 760 ex
765 724 796 760 eo
807 706 1015 778 impedimentum
1026 727 1081 764 ore·

252 778 290 830 48
297 779 375 828 retur.
395 775 557 848 Magnificam
568 779 595 832 in
606 781 735 850 publicum
746 782 904 854 largitionem
915 786 985 840 auxit
996 786 1082 840 Casan

296 850 364 906 haud
373 851 455 908 minus
467 858 540 924 grata
550 853 709 923 liberalitate,
719 859 786 930 qn'od
794 860 859 914 bona
870 861 977 915 AEmiliae
989 861 1082 926 Musae,

298 931 430 1002 locupletis
447 931 581 998 intestata,
601 935 683 1004 petita
699 935 726 989 in
743 936 831 990 fiscum
852 936 955 990 AEmilio
974 936 1083 1006 Lepido,
1138 974 1139 989 ,

299 1009 372 1079 cujus
388 1027 402 1063 e
418 1007 492 1063 domo
507 1008 647 1076 videbatur,
660 1017 687 1066 et
702 1012 802 1066 Patulei
820 1011 905 1067 divitis
919 1013 1014 1083 equitis
1032 1013 1084 1066 Ro

299 1086 366 1140 mani
377 1085 549 1151 hereditatem,
560 1105 711 1159 quamquam
721 1089 775 1159 ipse
786 1089 859 1144 heres
868 1089 896 1143 in
907 1095 978 1160 parte
989 1089 1085 1160 legere

298 1167 349 1227 tur,
360 1162 463 1217 tradidit
475 1163 514 1217 M.
527 1164 639 1230 Servilio,
650 1184 724 1236 quem
735 1166 860 1236 prioribus
868 1185 950 1237 neque
959 1167 1085 1237 suspectis

299 1239 392 1294 tabulis
419 1240 543 1310 scriptum
568 1249 741 1312 compererat3
767 1243 924 1298 nobilitatem
951 1243 1085 1313 utriusque

279 1317 406 1387 apeounia
420 1317 563 1388 juvandam,
583 1318 712 1389 praefatus.
748 1320 839 1390 Neque
859 1319 1025 1374 hereditatem
1043 1337 1086 1374 ou-

297 1394 416 1465 jusquam
432 1393 494 1448 adiit
512 1395 562 1449 nisi
578 1413 636 1448 cum
652 1395 762 1450 amicitia
777 1397 927 1451 memisset:
945 1397 1047 1468 ignotos
1059 1401 1086 1452 et

301 1471 356 1526 aliis
379 1471 499 1536 infensos,
523 1489 603 1542 eoque
632 1472 770 1543 principem
792 1477 975 1544 nuncupantes,
998 1473 1088 1544 procul

279 1547 409 1606 taroebat.
445 1547 572 1613 Ceterum,
587 1553 617 1602 ut
629 1549 760 1604 honestam
772 1550 943 1604 innocentium
955 1559 1088 1621 pauperta-

300 1629 353 1679 tem
360 1624 460 1689 levavit,
470 1625 507 1678 ita
515 1624 634 1695 prodigos
644 1630 670 1680 et
682 1625 715 1680 ob
726 1627 823 1698 flagitia
834 1633 945 1698 egentes,
960 1626 1089 1682 Vibidium

301 1701 448 1767 Varronem,
461 1701 572 1757 Marium
592 1702 726 1773 Nepotem,
739 1704 850 1775 Appium
862 1703 1013 1775 Appianum,
1027 1704 1089 1760 Gor·

300 1778 394 1835 aelium
411 1778 513 1843 Sullam,
532 1778 565 1838 Q.
586 1779 715 1835 Vitellium
730 1781 809 1836 movit
824 1787 922 1848 senatu,
935 1787 980 1837 aut
997 1787 1089 1853 sponte

301 1854 390 1911 cedere
401 1874 491 1926 passus
503 1860 550 1909 est.

257 1934 294 1989 49
337 1931 423 1987 isdem
434 1932 590 2003 temporibus
603 1932 678 1988 deum
689 1932 756 1989 aedes
767 1938 895 1991 vetustate
908 1939 953 1990 aut
965 1936 1019 2007 igni
1030 1936 1089 1993 abo

301 2009 359 2065 litas
371 2014 517 2081 emptasque
526 2010 557 2065 ab
569 2012 689 2082 Augusto
698 2011 829 2077 dedicavit,
838 2012 932 2068 Libero
940 2013 1091 2084 Liberaeqne

298 2092 329 2146 at
345 2086 431 2142 Cereri
446 2087 521 2158 juxta
534 2087 629 2142 circum
643 2088 787 2154 maximum,
804 2108 880 2160 qnam
896 2092 928 2144 A
941 2090 1091 2145 Postumius

280 2163 411 2219 2dictator
430 2168 541 2219 voverat.
576 2163 723 2235 Eodemque
746 2165 774 2219 in
789 2165 846 2227 loco
864 2166 943 2221 aedem
960 2166 1041 2222 blora
1059 2167 1091 2222 ab

302 2240 383 2296 Lucio
395 2244 422 2296 et
434 2240 523 2295 Marco
534 2240 656 2295 Publiciis
667 2241 781 2297 aedilibus
795 2243 968 2307 constitutam,
983 2249 1011 2298 et
1025 2244 1092 2299 Jano

302 2317 432 2388 templum,
446 2316 513 2389 quod
531 2316 598 2388 apud
612 2318 695 2371 forum
709 2318 837 2374 olitorium
848 2320 878 2375 Ο.
888 2320 990 2375 Duilius
1008 2324 1093 2375 strux-

304 2398 367 2459 erat,
389 2395 433 2465 qui
450 2396 546 2466 primas
554 2414 608 2449 rem
625 2394 767 2451 Romanam
785 2415 903 2468 prospere
919 2397 985 2452 mari
1002 2399 1092 2468 gessit,
1139 2415 1140 2448 Τ

282 2470 510 2542 Atriumphumque
523 2470 638 2526 navalem
650 2471 682 2527 de
694 2473 779 2528 Poenis
791 2473 891 2529 meruit.
928 2474 988 2543 Spei
998 2473 1067 2531 aedas
1078 2493 1094 2529 a

305 2548 453 2603 Germanico
465 2553 593 2604 sacratur:
611 2549 677 2603 hanc
688 2549 783 2605 Atilius
797 2555 902 2607 voverat
913 2551 1002 2606 eodem
1017 2550 1094 2607 bello.

259 2631 298 2687 50
338 2623 506 2680 Adolescebat
531 2625 628 2681 interea
650 2625 692 2681 lex
714 2627 869 2698 majestatis:
898 2632 926 2683 et
943 2628 1095 2699 Appuleiam

305 2702 436 2768 Variliam,
456 2702 548 2757 sororis
566 2704 680 2774 Augusti
696 2709 805 2775 neptem,
825 2706 884 2773 qnia
900 2706 1029 2777 probrosis
1044 2725 1095 2761 ser·

305 2782 422 2839 monibus
434 2781 521 2837 divum
532 2784 679 2853 Augustum
690 2799 720 2835 ao
728 2781 858 2837 liberium
873 2786 900 2837 et
916 2788 1023 2837 matrem
1039 2784 1095 2854 ejus

305 2860 434 2925 illusisset,
457 2858 601 2929 Caesarique
618 2875 731 2913 connexa
747 2857 870 2913 adulterio
887 2863 1026 2924 teneretur,
1045 2879 1096 2914 ma

286 2936 407 3009 2jestatis
430 2934 528 2990 delator
547 2933 698 2990 arcessebat
732 2934 774 2990 De
791 2935 914 2991 adulterio
931 2935 995 2991 satis
1012 2936 1096 2992 caveri
