2550 3500
421 604 455 665 0.
491 604 754 673 CORNELII
793 596 974 666 ΤΑΟΙΤΙ

441 752 488 805 uu
511 752 670 807 nxonsso
687 754 767 807 orvi
786 753 938 807 rnousnr

304 902 1093 993 ANNALIUM

551 1072 660 1127 LIBER
678 1073 848 1139 QUARTUS.

279 1314 293 1367 1
340 1308 369 1362 C.
381 1308 487 1375 Asmro,
507 1309 542 1365 Oa
549 1310 664 1367 Antistio
678 1310 823 1366 oonsulibus
839 1329 922 1366 nonus
934 1310 1036 1367 Tiberio
1048 1330 1093 1367 en·

304 1402 351 1439 nus
368 1394 422 1439 erat
437 1386 580 1457 compositio
597 1388 634 1443 rei
650 1387 766 1459 publieoe,
779 1389 893 1443 florentis
909 1387 1007 1456 domus,
1021 1389 1093 1459 (nam

305 1462 447 1517 Germanioi
469 1467 576 1519 mortem
599 1465 666 1519 inter
686 1483 807 1536 prospera
826 1464 955 1533 ducebat)
976 1483 1036 1519 oum
1054 1485 1092 1521 re·

304 1543 380 1610 pente
390 1539 494 1595 turbare
505 1541 609 1595 fortuna
617 1541 701 1612 ooepit,
712 1543 799 1597 saevire
811 1543 865 1612 ipse
873 1547 919 1595 aut
927 1542 1092 1597 saevientibus

280 1618 370 1673 2vires
381 1616 499 1687 praebere.
530 1617 634 1673 Initium
649 1623 676 1672 et
688 1637 764 1673 eausa
775 1638 851 1689 penes
863 1618 959 1672 AElium
972 1619 1092 1690 Sejanum

304 1694 449 1752 cohortibus
459 1694 582 1766 praetoriis
592 1695 746 1766 praefeotum,
760 1697 832 1769 eujus
845 1695 877 1752 de
889 1697 1003 1768 potentie
1014 1715 1093 1769 supra

303 1773 454 1826 memoravi:
472 1789 540 1826 nune
551 1771 681 1843 originem,
698 1792 789 1838 mores,
807 1779 833 1830 et
851 1793 901 1846 quo
919 1773 1031 1829 iaeinore
1050 1774 1092 1828 do·

281 1849 466 1910 eminationem
478 1853 578 1918 raptum
587 1848 653 1914 ierit,
663 1849 801 1921 expediam
839 1851 946 1906 Gemitus
957 1849 1091 1916 Vulsiniis,

303 1930 376 1996 patro
389 1925 446 1980 Seio
463 1924 585 1980 Strabone
603 1926 689 1996 equite
703 1927 826 1992 Romano,
847 1931 873 1982 et
889 1927 971 1998 primo
984 1927 1093 2000 juvente

305 2003 334 2058 C.
348 2002 472 2057 Censorem
490 2001 540 2056 divi
558 2003 671 2074 Augusti
691 2010 810 2075 nepotem
827 2009 947 2070 sectatus,
966 2024 1019 2059 non
1037 2006 1092 2060 sine

303 2097 404 2136 rumore
416 2080 512 2151 Apicio
526 2079 599 2134 diviti
610 2084 636 2135 et
649 2079 762 2154 prodigo,
776 2087 893 2154 stuprum
905 2100 969 2138 veno
981 2081 1091 2148 dedisse,

305 2177 365 2212 mox
376 2157 503 2213 Tiberium
511 2157 586 2212 voriis
599 2158 696 2214 artibus
709 2158 822 2214 devinxit
834 2159 904 2224 adeo,
912 2165 942 2213 ut
954 2158 1093 2214 obscurum

305 2238 439 2294 adversum
451 2236 511 2292 ulios
524 2235 571 2292 sibi
583 2236 627 2292 uni
639 2238 769 2292 incautum
781 2238 954 2308 intectumque
966 2237 1092 2303 efficeret;

304 2322 416 2370 nontam
425 2315 536 2370 sollertia
546 2315 650 2386 (quippe
659 2314 741 2369 isdem
750 2315 847 2369 artibus
855 2315 938 2369 vietus
946 2315 1005 2382 est)
1015 2333 1093 2384 quam

305 2392 380 2447 deum
400 2393 438 2448 ire
457 2393 484 2448 in
502 2411 556 2448 rem
577 2393 726 2456 Itomauam,
748 2392 821 2462 eujus
838 2391 894 2462 puri
911 2390 989 2446 exitio
1007 2391 1092 2462 viguit

279 2470 452 2541 leeoiditque.
489 2471 587 2542 Corpus
604 2471 642 2525 illi
658 2469 772 2524 laborum
790 2469 909 2534 tolerans,
927 2469 1028 2523 animus
1049 2488 1093 2524 au-

305 2548 371 2614 dox;
390 2548 430 2602 sui
441 2547 570 2619 obtegens,
581 2548 609 2603 in
627 2547 689 2602 ulios
707 2547 870 2612 eriminator;
885 2547 961 2617 juxta
978 2545 1092 2602 adulatio
1136 2549 1138 2570 '

304 2631 331 2682 et
355 2626 486 2696 superbio3
504 2626 586 2696 pulum
609 2625 765 2697 compositus
789 2624 877 2696 pudor,
901 2625 972 2680 intus
992 2643 1094 2680 summu

304 2703 431 2776 apiscendi
442 2703 534 2769 libido;
554 2704 660 2772 ejusque
671 2721 748 2757 eausa
759 2701 834 2757 modo
846 2701 947 2774 largitio
959 2706 986 2756 et
1004 2701 1091 2768 luxus,

305 2782 396 2853 saepius
411 2780 536 2836 industrio
553 2797 582 2834 en
597 2780 736 2850 vigilantia,
749 2779 817 2834 hund
829 2779 912 2834 miuus
924 2779 1015 2846 nonin,
1029 2799 1093 2852 quo

277 2859 353 2915 2ties
369 2857 479 2929 parando
497 2874 575 2928 reguo
593 2856 731 2926 finguntur.
768 2857 827 2911 Vim
840 2855 997 2926 praeseoturae
1012 2857 1093 2912 modi·

304 2955 359 2991 cum
371 2940 445 2990 antea
456 2932 572 3002 intendit,
585 2932 710 3004 disperses
719 2952 764 3004 per
771 2932 859 2989 urbem
871 2932 989 2988 cohortes
1001 2951 1055 2988 una
1066 2933 1094 2990 in
