2550 3500
252 450 277 477 w
388 386 583 434 ANNALIUM
602 384 652 433 111.
665 385 767 432 ‹tt-tc,
928 384 975 432 129

182 450 328 554 iiisbntibus
346 498 500 568 periculosa3
520 516 578 553 cum
595 514 672 568 super
687 499 728 551 tot
743 497 872 550 senatores
886 494 976 549 adver-

181 596 226 631 sos
248 574 434 629 facundissimis
452 574 533 629 totius
557 574 633 639 Asiae,
653 591 733 644 eoquo
749 571 783 627 ad
806 572 994 627 accusandum·

180 652 296 717 delectis,
310 650 473 721 responderet
486 651 555 705 solus
567 654 593 707 et
611 650 699 705 orandi
709 649 817 714 nescius,
829 648 932 719 proprio
946 649 975 703 in

181 739 262 793 metu,
277 728 321 798 qui
332 728 468 782 exercitam
481 746 580 799 quoquc
592 726 761 797 eloquentiam
772 726 887 781 debilitat
898 745 906 792 ;
923 744 976 781 non

180 808 342 876 temperante
360 804 461 859 Tiberio
473 804 534 875 quin
545 807 671 875 premeret
688 821 758 868 voce,
772 803 853 871 voltu,
865 822 896 859 eo
908 802 976 873 qnod

180 883 237 953 ipse
249 880 400 937 creberrime
409 880 591 952 interrogabat,
603 899 685 951 neque
696 880 810 936 refellere
819 890 865 935 aut
873 880 975 936 eludere

180 959 300 1024 dabatur,
319 976 349 1014 ac
367 976 434 1029 saepe
452 957 527 1013 etiam
547 958 717 1013 confitendum
734 962 797 1024 erat,
821 976 854 1013 ne
877 958 974 1013 frustra

181 1036 351 1107 quaesivisset.
389 1036 480 1091 Servos
504 1054 604 1107 qnoque
628 1035 713 1101 Silani,
737 1039 768 1091 111
785 1036 920 1090 tormentis
937 1036 998 1090 ina

181 1116 384 1184 terrogarentur,
404 1118 475 1167 actor
494 1112 610 1185 publicus
629 1113 754 1184 mancipio
769 1116 915 1184 acceperat:
939 1118 974 1181 et,

181 1210 214 1247 ne
228 1191 286 1261 quis
298 1190 497 1245 necessariorum
507 1190 608 1260 juvaret
623 1190 815 1261 periclitantem,
834 1190 974 1260 majestatis

181 1268 289 1322 crimina
298 1266 478 1332 subdebantur,
488 1266 599 1323 vinclum
611 1270 638 1322 et
650 1267 788 1322 necessitas
797 1266 894 1321 silendi
922 1266 999 1338 igi-4

181 1348 227 1399 tur
237 1343 322 1414 petito
334 1361 471 1413 paucorum
484 1342 581 1399 dierum
595 1343 731 1415 interjectu
747 1342 918 1398 defensionem
934 1343 975 1398 sui

181 1420 305 1485 deseruit,
326 1421 394 1475 ausis
412 1420 445 1475 ad
457 1422 582 1477 Gaesarem
600 1421 729 1487 codicillis,
747 1421 838 1492 quibus
854 1420 975 1476 invidiam

182 1503 211 1555 et
223 1516 312 1569 preces
325 1498 468 1553 miscuerat.
505 1498 686 1569 Tiberiusque
697 1499 725 1553 in
737 1497 851 1552 Silanum
861 1497 974 1568 parabat,
984 1494 1022 1550 68

182 1592 236 1647 quo
253 1575 398 1631 excusatius
416 1574 464 1631 sub
482 1576 595 1646 exemplo
612 1576 793 1647 acciperentur,
807 1574 905 1629 libellos
923 1575 976 1630 diri

182 1652 300 1723 Augusti
312 1652 343 1707 de
359 1652 453 1707 Voleso
470 1652 581 1708 Messala
597 1653 712 1724 ejusdem
728 1652 797 1707 Asin
816 1652 974 1723 proconsule,
1016 1662 1019 1668 '

182 1730 332 1800 factumque
355 1729 383 1785 in
400 1749 459 1785 eum
483 1734 586 1786 senatus
604 1730 756 1796 consultum,
774 1729 877 1786 recitari
891 1728 974 1801 jubet.

182 1808 250 1864 uim
272 1807 607 1864 armamentarium
630 1812 712 1880 rogat.
748 1808 796 1863 Ille
816 1807 925 1862 multum
943 1807 998 1863 det

182 1884 318 1940 clementia
340 1884 460 1956 principis
481 1885 610 1956 praefatus,
637 1904 703 1958 aqua
719 1890 795 1956 atque
812 1885 866 1956 igni
890 1885 974 1940 Silano

181 1961 383 2018 interdicendum
410 1963 516 2029 censuit,
535 1963 668 2034 ipsumque
685 1964 713 2018 in
730 1951 838 2018 insulam
863 1963 974 2034 Gyarum

180 2038 356 2111 relegandum.
391 2038 488 2096 Eadem
512 2040 597 2106 ceteri,
621 2041 671 2096 nisi
694 2039 764 2111 quod
788 2039 998 2094 On.Lentulus3

181 2115 324 2188 separanda
333 2115 412 2171 Silani
423 2120 538 2172 materna
548 2117 621 2185 bona,
635 2117 739 2189 (quippe
751 2117 800 2172 alia
814 2123 919 2187 parente
932 2132 987 2187 get

180 2193 256 2262 niti)
278 2192 455 2265 reddendaque
478 2195 530 2250 filio
555 2194 626 2264 dixit,
648 2198 775 2250 annuente
796 2193 904 2248 Tiberio.
940 2196 1022 2252 stoa

180 2269 319 2326 Cornelius
330 2270 471 2337 Dolabella,
484 2271 545 2326 dum
558 2271 727 2327 adulationem
739 2271 839 2342 longius
851 2269 975 2341 sequitur,

179 2347 314 2419 increpitis
333 2347 362 2403 O.
382 2349 460 2404 Silani
476 2349 589 2406 moribus
607 2349 704 2404 addidit
721 2368 755 2404 ne
772 2348 828 2419 quis
846 2349 901 2403 vita
917 2367 977 2419 pro-

179 2427 274 2482 brosus
286 2429 314 2480 et
328 2430 432 2502 opertus
448 2427 553 2482 infamia
567 2427 723 2498 provinciam
741 2425 884 2491 sortiretur,
899 2425 976 2497 idque

178 2503 300 2576 princeps
325 2501 481 2574 dijudicaret.
518 2505 587 2560 Nam
610 2503 741 2575 alegibus
762 2503 855 2558 delicta
872 2504 999 2574 punirizt

180 2584 279 2652 quanto
291 2578 346 2634 fore
357 2579 444 2636 mitius
456 2580 484 2636 in
500 2581 577 2653 ipsos,
595 2580 686 2636 melius
697 2580 725 2634 in
742 2581 832 2646 socios,
849 2581 977 2652 provideri

180 2677 214 2715 ne
230 2658 401 2728 peccaretur?
418 2657 561 2714 Adversum
582 2677 638 2730 quae
662 2657 782 2713 dissemit
803 2658 904 2714 Cesar:
924 2664 1017 2713 nont·

181 2734 285 2806 quidem
297 2733 346 2789 sibi
354 2734 444 2805 ignara
455 2755 511 2806 quae
523 2736 554 2791 de
572 2736 658 2791 Silano
673 2735 851 2808 volgabantnr‚
869 2735 977 2792 sednon

182 2830 213 2866 cx
231 2828 335 2866 rumore
357 2812 540 2879 statuendum
565 2813 659 2868 multos
683 2814 711 2867 in
733 2813 869 2884 provinciis
887 2817 977 2866 contra

182 2907 258 2960 quam
275 2906 334 2958 spes
356 2892 402 2944 aut
420 2893 504 2946 metus
522 2890 553 2946 de
571 2891 621 2946 illis
638 2891 717 2946 fuerit
735 2891 825 2962 egisse.
861 2887 999 2943 Excitcris

185 2965 309 3037 quosdam
318 2965 350 3022 ad
359 2965 463 3022 meliora
470 2967 646 3040 magnitudine
655 2987 747 3035 rerum,
756 2967 890 3023 hebescere
899 2963 960 3018 alios
968 2985 976 3017 ι

129 3057 131 3102 1
220 3055 342 3093 racana.
351 3057 367 3088 ι.
569 3060 590 3098 1
