2550 3500
229 467 283 506 Η
300 466 343 516 26]
438 404 634 454 ANNALIUM
652 406 699 454 IV.
715 406 818 453 tl-tt.
971 404 1017 451 16⁵

226 517 316 588 jugem
327 534 357 571 ac
367 516 459 571 libems
468 515 532 587 ejus,
541 517 653 587 recipere
662 518 834 590 dignarentur.
870 513 920 570 Sed
932 513 1042 569 Casan

227 612 280 647 non
291 594 394 665 ignarus
410 598 533 665 quantum
545 612 576 649 ex
587 614 616 649 re
627 595 728 667 publiea
738 598 875 666 peteretur,
887 611 921 647 ne
931 597 1017 646 tamen

227 670 373 726 offensionis
391 675 435 725 aut
459 674 543 725 metus
560 672 710 727 manifestus
731 673 805 737 foret,
824 671 879 726 sine
896 686 1016 739 responso

227 766 372 818 quanquam
389 748 526 803 instantem
546 748 656 819 reliquit.
692 749 725 805 Id
743 767 798 821 ego,
816 767 832 803 a
852 746 1040 819 scriptoribus3

129 866 131 879 ,,
226 824 356 879 annalium
367 843 419 879 non
432 824 563 889 traditum,
576 827 676 897 repperi
687 827 714 881 in
726 825 911 882 commentariis
924 824 1015 895 Agrip

225 901 293 972 pins
305 902 369 967 filiae,
383 920 446 972 quae,
460 902 570 957 Neronis
582 904 702 974 principis
714 907 803 968 mater,
817 902 895 958 vitam
907 904 1016 956 suamet

226 995 301 1032 casus
322 997 425 1033 suorum
445 980 552 1049 posteris
576 981 733 1035 memoravit.
770 980 890 1035 Ceterum
910 979 1015 1049 Sejanus
1023 986 1063 1053 Ι54

225 1060 373 1109 maerentem
385 1060 412 1111 et
423 1055 589 1126 improvidam
607 1057 684 1111 altius
701 1057 816 1128 perculit,
834 1056 955 1111 immissis
971 1056 1016 1126 qui

224 1150 272 1201 per
290 1132 399 1202 speeiem
417 1133 533 1188 amicitia
550 1138 684 1189 monerent
703 1140 819 1205 paratum
838 1134 863 1189 ei
879 1147 1024 1198 venenum,

225 1208 343 1266 vitandas
353 1210 434 1264 soceri
444 1210 539 1281 epulas.
575 1215 662 1282 Atque
673 1211 716 1265 illa
723 1212 914 1266 simulationum
921 1210 1014 1274 nescia,
1024 1220 1040 1265 2

225 1303 285 1340 eum
297 1292 402 1356 propter
414 1286 592 1353 discumberet,
605 1308 658 1343 non
669 1289 744 1343 vultu
755 1294 800 1343 aut
812 1306 927 1343 sermone
938 1288 1014 1353 flecti,

224 1362 311 1417 nullos
330 1363 456 1434 attingere
474 1363 552 1429 cibos,
571 1364 652 1419 donec
670 1365 780 1420 advertit
797 1364 921 1431 Tiberius,
939 1366 1014 1430 forte,

228 1458 262 1493 an
274 1440 334 1509 quia
346 1440 476 1495 audiverat
488 1460 495 1506 ;
513 1441 589 1512 idque
598 1462 649 1513 quo
661 1443 743 1497 aerius
755 1443 922 1513 experiretur,
933 1460 1014 1511 poma,

225 1520 256 1569 ut
278 1520 350 1571 erent
372 1518 494 1589 apposita,
517 1518 622 1573 laudans
644 1520 721 1574 nurui
740 1537 786 1573 sua
804 1537 882 1573 manu
901 1518 1014 1573 tradidit.

224 1594 312 1647 Aucta
329 1612 361 1649 ex
377 1612 407 1649 eo
424 1596 535 1666 suspicio
553 1596 709 1667 Agrippina,
725 1600 752 1651 et
767 1596 864 1651 intacta
877 1614 921 1650 ore
936 1595 1038 1651 servus

225 1669 344 1725 tramisit.
381 1671 439 1726 Neo
457 1678 545 1727 tamen
565 1672 661 1728 Tiberii
679 1692 731 1729 vox
751 1691 835 1728 eoram
856 1675 951 1738 secuta,
970 1672 1016 1728 sed

225 1748 347 1803 obversus
361 1749 393 1803 ad
404 1753 512 1804 matrem
527 1769 578 1806 non
589 1751 680 1806 mirum
694 1753 739 1817 ait,
752 1752 775 1807 si
787 1751 849 1823 quid
860 1751 973 1808 severius
988 1751 1017 1806 in

225 1843 282 1879 eam
307 1826 440 1882 statuisset
465 1845 480 1882 a
504 1847 554 1898 qua
577 1830 691 1885 veneficii
713 1829 910 1884 insimularetur.
950 1828 1038 1884 Iudel

223 1921 312 1956 rumor
335 1904 419 1974 parari
443 1905 557 1970 exitium,
582 1925 666 1977 neque
689 1907 717 1962 id
736 1907 914 1978 imperatorem
933 1906 1016 1978 pulum

225 1977 326 2047 audere,
340 1987 466 2036 secretum
479 1981 511 2036 ad
522 1984 719 2054 perpetrandum
731 1985 819 2055 quaeri.

261 2055 312 2110 Sed
336 2057 421 2112 Caesar
445 2077 495 2129 quo
519 2061 611 2114 samam
631 2065 765 2126 averteret,
787 2061 875 2117 adesse
895 2060 1059 2131 irequens55

225 2133 336 2199 senatui,
355 2134 503 2206 legatosque
520 2137 597 2202 Asiae,
614 2137 771 2210 ambigentes
789 2157 895 2208 quanam
911 2137 940 2191 in
956 2138 1015 2192 eivi-

222 2215 279 2265 tate
290 2212 413 2282 templum
426 2217 589 2280 statueretur,
599 2215 685 2286 plures
697 2235 743 2285 per
754 2215 807 2270 dies
820 2214 925 2269 auuffirit.
961 2215 1038 2270 Un-2

223 2289 305 2344 decim
317 2290 392 2346 urbes
405 2293 543 2358 certabant,
557 2295 612 2364 pari
624 2294 769 2360 ambitione,
782 2293 879 2349 viribus
898 2293 1012 2350 diversae.

222 2366 316 2437 Neque
338 2368 448 2423 multum
464 2369 587 2425 distantia
604 2371 672 2426 inter
689 2390 717 2426 se
734 2371 908 2426 memorabant
925 2371 957 2426 de
971 2391 1014 2426 ve·

221 2448 321 2499 tustate
333 2447 441 2516 generis,
456 2447 541 2502 studio
554 2449 581 2502 in
592 2449 714 2520 populum
726 2450 871 2504 Romanum
882 2467 928 2520 per
947 2449 1014 2505 bella

220 2522 296 2576 Persi
308 2527 335 2576 et
347 2524 486 2580 Aristonici
499 2525 656 2597 aliorumque
668 2545 765 2599 regum.
802 2527 900 2582 Verum
918 2527 1036 2598 Hyper-3

220 2599 282 2670 peni
305 2599 473 2676 Trallianique
503 2603 654 2658 Laodicenis
683 2622 713 2658 ao
741 2603 907 2676 Magnetibus
937 2603 1014 2659 simui

219 2676 340 2741 tramissi,
360 2681 390 2732 ut
408 2697 497 2749 parum
514 2680 601 2735 validi.
638 2680 680 2734 Ne
698 2680 805 2736 ilienses
824 2681 933 2752 quidem,
954 2691 1036 2737 euml

219 2757 352 2826 parentem
361 2755 432 2810 urbis
444 2756 532 2812 Romae
542 2759 644 2828 Trojam
652 2759 784 2824 referrent,
795 2759 845 2813 nisi
852 2758 1013 2828 antiquitatis

220 2831 309 2900 gloria,
322 2831 460 2902 pollebant.
496 2834 605 2890 Paulum
617 2835 804 2901 addubitatum,
818 2835 886 2907 quod
897 2834 1035 2890 Habeat-5

220 2907 301 2962 nassii
321 2909 389 2964 mille
409 2913 435 2964 et
456 2908 579 2966 ducentos
600 2931 647 2983 per
667 2931 746 2968 anuos
765 2913 835 2967 nullo
849 2916 922 2966 motu
937 2915 1013 2964 terrm

221 2985 353 3040 nutavisse
365 2985 438 3043 sedes
450 3005 517 3056 sues,
526 2989 634 3061 rivoque
646 2990 674 3044 in
685 3008 746 3045 saxo
752 2989 918 3044 fundamenta
923 2986 1013 3058 templi
