2550 3500
200 395 204 400 ’
273 385 323 437 tlt
608 384 728 435 raom

910 448 1062 500 mmmm

272 499 318 554 tus
337 497 446 569 exurgit,
468 498 496 554 et
518 496 602 553 omnia
624 496 701 553 simul
723 500 908 569 properantur:
932 498 1062 555 clauditur

273 574 396 640 oubioulo,
406 579 499 645 prasio
511 579 550 631 est
561 574 683 641 medieas,
693 574 876 631 abscinduntur
884 595 962 641 venas,
971 578 1061 647 vigens

273 652 356 708 adhue
366 652 455 708 balneo
467 652 582 718 infertur,
596 652 677 708 ualida
689 672 754 724 aqua
765 657 898 719 mersatur,
911 654 981 709 nulla
992 654 1062 710 edita

232 738 334 785 ›avooe
350 748 401 800 qua
416 734 496 784 semet
510 730 680 786 miseraretur.
717 730 874 787 Circumdati
889 732 991 787 interim
1003 750 1061 787 ous-

272 806 343 861 todia
358 808 402 878 qni
419 806 494 862 simul
511 806 697 873 discubuerant,
716 826 763 863 nee
781 808 830 863 nisi
848 813 969 880 proveeta
984 814 1061 865 noete

272 884 359 939 omissi
366 887 443 948 sunt3
460 887 594 955 postquam
601 904 719 955 pavorem
727 902 821 950 eorum,
832 904 944 941 emensa
954 886 1061 942 exitium

272 961 464 1033 opperientium,
488 965 516 1016 et
538 962 691 1033 imaginatus
715 966 741 1017 et
765 962 873 1017 irridens
897 962 977 1029 Nero,
997 964 1060 1019 satis

272 1038 389 1109 supplicii
401 1038 478 1093 luisse
490 1038 526 1093 ait
537 1057 583 1109 pro
595 1039 676 1110 epulis
689 1039 870 1095 consularibus.

226 1116 264 1173 70
305 1116 374 1170 Exin
385 1115 423 1171 M.
436 1116 526 1171 Annei
541 1116 640 1171 Lucani
657 1116 750 1172 oaedem
770 1116 885 1187 iurperat.
920 1116 950 1171 Is
966 1116 1060 1187 proflu-

271 1197 330 1249 ente
347 1193 478 1263 sanguine,
492 1192 538 1247 ubi
549 1192 685 1265 frigescere
697 1193 773 1264 pedes
785 1212 925 1265 manusque
937 1196 963 1249 et
975 1194 1060 1264 paula-

270 1270 318 1325 tim
335 1270 367 1325 ab
383 1270 502 1324 extremis
518 1269 606 1325 eadere
622 1270 740 1341 spiritum
752 1270 848 1327 fervido
861 1270 942 1325 adhue
954 1275 981 1326 et
993 1288 1060 1326 oom-

271 1351 331 1419 pote
350 1347 443 1402 mentis
461 1351 564 1419 pectore
582 1347 712 1419 intelligit,
725 1346 872 1402 recordatus
891 1365 993 1402 aarmen
1004 1366 1020 1402 a
1031 1366 1060 1404 se

270 1424 445 1495 eompositum,
456 1442 506 1495 quo
517 1424 678 1479 vulneratum
689 1424 795 1479 militem
804 1443 849 1495 per
858 1424 981 1495 ejusmodi
989 1443 1060 1479 mor·

270 1503 305 1557 tis
325 1502 459 1573 imaginem
481 1501 567 1557 obisse
585 1500 732 1566 tradiderat,
752 1518 841 1557 versus
861 1502 929 1573 ipsos
949 1502 1060 1572 rettrdit,

246 1585 350 1650 teaque
360 1579 397 1636 illi
409 1596 527 1650 suprema
541 1596 590 1633 vox
605 1578 663 1634 fuit.
700 1578 805 1635 Senecio
822 1580 926 1649 posthac
938 1582 965 1635 et
977 1578 1060 1639 Quin-

271 1657 356 1711 tianus
373 1660 399 1711 et
418 1656 554 1721 Sooevinns,
571 1674 623 1711 non
639 1674 671 1711 ex
689 1655 773 1727 priore
791 1656 850 1711 vitm
867 1656 981 1727 mollitia¹
998 1674 1060 1713 mox

270 1736 361 1808 reliqui
378 1736 566 1808 eonjuratorum
588 1736 693 1808 periere,
712 1735 782 1792 nullo
805 1735 873 1792 facto
891 1735 991 1792 dictove
1007 1755 1059 1794 me-

269 1813 399 1868 morando.
710 1831 712 1835 ·

224 1887 258 1945 71
305 1890 356 1946 Sed
366 1888 486 1960 compleri
494 1889 595 1944 interim
602 1889 664 1944 urbs
673 1889 811 1955 funeribus,
823 1889 977 1961 Capitolium
986 1890 1060 1946 vieti-

268 1969 335 2034 mis;
352 1967 417 2022 alius
433 1965 492 2031 filio,
510 1966 590 2022 fratre
606 1967 671 2021 alius
689 1971 734 2022 aut
751 1967 892 2038 propinquo
909 1970 954 2022 aut
978 1968 1060 2024 amieo

268 2047 418 2113 interfectis,
443 2053 518 2119 agere
541 2050 626 2118 grates
651 2045 712 2111 deis,
737 2065 827 2101 ornare
849 2046 923 2101 lauru
946 2045 1059 2114 domum,

244 2133 260 2180 2
268 2145 353 2198 genua
367 2125 448 2196 ipsius
463 2123 562 2180 advolvi
577 2127 604 2178 et
620 2121 737 2178 dextram
751 2124 844 2178 osculis
860 2124 975 2196 fatigare.
1011 2126 1061 2180 At·

269 2223 318 2274 qne
330 2203 372 2259 ille
383 2202 504 2275 gaudium
515 2201 542 2256 id
553 2199 666 2266 eredens,
676 2201 783 2256 Antonii
794 2200 896 2256 Natalis
905 2207 932 2256 et
944 2201 1061 2257 Cervarii

245 2280 371 2336 8Proenli
382 2280 502 2335 festinata
512 2277 606 2335 iudicia
620 2278 772 2349 impunitate
786 2283 970 2334 remuneratur.
1006 2279 1061 2334 Mi-

268 2359 349 2414 liohns
361 2357 470 2428 premiis
482 2356 579 2412 ditatus
595 2357 775 2411 Commentario
790 2354 839 2409 sibi
853 2373 952 2421 nornen,
969 2355 1062 2412 Graeoo

243 2437 325 2506 sajus
342 2434 379 2489 rei
396 2433 526 2501 vocabulo,
544 2431 689 2503 assumpsit.
723 2431 747 2488 E
764 2431 874 2488 tribunis
894 2433 989 2488 Gavius
1012 2432 1061 2488 Sil·

267 2531 355 2578 vanus,
374 2511 490 2584 quamvis
507 2510 647 2575 absolutus,
669 2527 717 2564 sua
733 2527 810 2564 manu
830 2509 939 2577 eeeidit;
959 2510 1061 2566 Statius

266 2590 402 2645 Proximus
413 2588 520 2655 veniam,
532 2606 609 2658 quam
620 2587 652 2642 ab
670 2587 822 2656 imperatore
835 2590 974 2658 aooeperat,
987 2588 1062 2643 vani·

242 2671 321 2722 atate
330 2666 414 2722 exitus
423 2664 543 2735 eorrupit.
580 2664 660 2719 Exuti
669 2662 760 2718 dehine
769 2663 902 2718 tribunatu
910 2664 1060 2735 Pompeius,

190 2773 194 2782 ·
266 2743 401 2799 Cornelius
416 2741 552 2806 Martialis,
568 2740 672 2795 Flavius
688 2740 784 2810 Nepos,
803 2741 902 2796 Statius
918 2741 1061 2808 Domitius,
1086 2769 1089 2780 ι

265 2822 338 2892 quasi
349 2820 488 2891 prinoipem
506 2837 558 2872 non
576 2817 678 2889 quidem
694 2815 815 2885 odissent,
828 2817 874 2874 sed
891 2822 978 2874 tamen
993 2820 1062 2874 exis-

239 2897 424 2952 6timarentur.
459 2895 545 2950 Novio
564 2895 654 2949 Prisoo
673 2911 720 2964 por
739 2895 876 2951 amicitiam
898 2896 1008 2962 Senecae,
1028 2900 1061 2952 et

264 2973 342 3029 Clitio
353 2971 427 3029 Gallo
437 2975 515 3043 atque
525 2971 611 3026 Annio
621 2969 732 3026 Pollioni
746 2970 876 3028 infamatis
886 2973 970 3045 magis
980 2990 1062 3044 quam
1145 2961 1146 3026 l
