2550 3500
343 672 376 733 O.
412 670 673 733 CORNELII
711 668 892 729 TAOITI

362 818 409 871 AB
433 816 592 872 EXOESSU
608 816 689 869 DIVI
707 814 859 871 AUGUSTI

129 966 966 1073 ,ANNALIUM

424 1146 537 1201 LIBER
552 1146 802 1202 DUODECIMUS.

257 1423 342 1479 Omne
354 1422 497 1479 Messalinae
509 1423 627 1479 convulsa
638 1424 758 1495 principis
767 1422 864 1487 domus,
873 1428 929 1477 orto
941 1422 1028 1494 apudl

127 1512 130 1559 l
220 1502 326 1557 libertos
338 1501 473 1555 certamine
485 1500 541 1571 quis
554 1500 676 1572 deligeret
692 1519 797 1555 uxorem
814 1499 927 1568 Claudio,
944 1500 1008 1555 eali·

220 1578 261 1633 bis
273 1578 332 1633 vitae
343 1577 489 1631 intoleranti
502 1581 528 1631 et
537 1578 673 1649 conjugum
681 1577 793 1649 imperiis
802 1576 917 1632 obnoxio.
951 1576 1030 1635 Nece

220 1656 318 1710 minore
341 1653 439 1709 ambitu
456 1654 555 1710 feminae
572 1660 732 1711 exarserant:
751 1674 822 1710 suam
842 1672 948 1725 quaeque
964 1671 1008 1707 no

219 1732 353 1798 bilitatem,
377 1732 490 1798 formam,
515 1751 576 1804 opes
599 1732 759 1800 contendere,
784 1751 814 1788 ac
836 1731 914 1806 digna
934 1734 1008 1786 tanto

220 1809 382 1864 matrimonio
394 1813 529 1864 ostentare.
566 1810 616 1864 Sed
627 1810 735 1865 maxime
753 1809 927 1882 ambigebatur
941 1810 1030 1864 interd

221 1886 327 1941 Lolliam
339 1887 471 1941 Paulinam
482 1887 520 1941 M.
533 1886 610 1942 Lollii
622 1886 768 1952 consularis,
778 1891 804 1942 ct
813 1888 831 1941 J
831 1887 908 1941 uliam
917 1887 1008 1958 Agrip·

220 1964 305 2036 pinam
327 1963 474 2018 Germanico
492 1963 617 2034 genitam:
636 1964 696 2019 huic
713 1963 804 2029 Pallas,
822 1963 860 2018 illi
878 1963 1005 2027 Callistus,

220 2041 334 2096 fautores
343 2039 454 2094 aderant.
489 2042 526 2094 At
537 2040 605 2095 AElia
612 2041 711 2095 Paetina
722 2041 839 2095 elamilia
847 2039 1032 2094 'luberonumt

127 2125 128 2166 l
220 2117 343 2173 Narcisso
366 2116 506 2192 forebatur.
542 2117 602 2188 Ipse
625 2117 676 2172 buc
698 2116 780 2182 modo,
799 2118 874 2171 modo
891 2116 958 2181 illuc,
976 2120 1007 2170 ut

221 2211 346 2265 quemque
364 2193 522 2248 suadentium
542 2191 663 2261 audierat,
677 2197 817 2263 promptus,
836 2191 1007 2247 discordantes

220 2272 249 2327 in
265 2271 396 2326 consilium
413 2275 537 2336 vocatae
552 2288 667 2342 promere
686 2270 836 2325 sententiam
854 2273 881 2325 et
900 2269 1007 2340 adjicere

220 2341 332 2396 rationes
353 2340 434 2411 jubet.
470 2341 606 2395 Narcissus
629 2345 705 2394 vetus
725 2340 920 2407 matrimonium,
936 2340 1034 2396 fami-2

219 2418 280 2474 liam
292 2435 456 2482 communem,
468 2419 537 2488 (nam
548 2417 662 2472 Antonia
673 2435 705 2472 cx
713 2417 812 2472 Patina
822 2417 897 2485 erat)
907 2417 970 2472 nihil
980 2419 1008 2473 in

219 2493 354 2566 penatibus
366 2493 421 2565 ejus
433 2511 526 2549 novum
544 2493 691 2559 disserebat,
708 2493 731 2548 ai
748 2497 822 2548 sueta
835 2495 928 2565 conjux
942 2495 1009 2550 redi-

219 2575 268 2637 ret,
281 2570 473 2641 haudquaquam
482 2570 656 2626 novercalibus
667 2569 731 2624 odiis
740 2570 826 2624 visura
834 2570 1008 2626 Britannicum

219 2652 247 2704 et
259 2647 397 2712 Octaviam,
410 2648 524 2718 proxima
535 2648 588 2702 suis
600 2649 714 2720 pignora.
751 2647 872 2702 Callistus
884 2647 1033 2718 improba-2
1150 2690 1152 2721 ,

219 2729 273 2780 tam
285 2724 361 2795 longo
373 2723 485 2790 discidio,
505 2742 533 2780 ac
552 2725 574 2779 si
591 2743 693 2779 rursum
713 2728 891 2790 assumeretur,
906 2742 937 2779 eo
952 2724 1008 2795 ipso
1150 2726 1151 2735 ’

219 2800 372 2872 superbam;
398 2801 522 2872 longeque
542 2802 636 2857 rectius
660 2801 767 2856 Lolliam
790 2802 883 2867 induci,
908 2801 1008 2872 quaudo

219 2879 303 2935 nullos
314 2877 406 2933 liberos
418 2877 556 2950 genuisset,
568 2896 675 2934 vacuam
683 2879 843 2934 emulatione
852 2883 878 2933 et
885 2877 1008 2948 privignis

219 2955 332 3028 parentis
344 2954 399 3010 loco
411 2954 531 3010 lutmam.
567 2957 604 3010 At
615 2955 699 3010 Pallas
710 2954 738 3010 id
753 2955 861 3010 maxime
877 2954 1031 3025 integrius
1149 3024 1150 3035 χ
