2550 3500
184 450 204 487 A
220 448 238 487 D
254 446 293 487 ω,
381 384 578 433 ANNALIUM
595 384 658 433 XII.
676 386 778 432 30-35.
924 386 970 432 249

206 476 211 487 ·
239 477 243 487 ·
277 462 293 495 -1

185 497 249 568 quod
259 495 408 551 Hiberniam
426 496 534 551 insulam
552 500 674 568 aspectat,
688 514 746 551 eum
762 498 825 550 ortae
837 494 904 567 apud
915 495 971 549 Bri-

185 578 269 645 gantas
281 572 411 629 discordiae
422 578 550 629 retraxere
563 574 662 639 ducem,
675 573 852 627 destinationis
864 576 969 637 certum,

184 669 214 705 ne
224 668 288 705 nova
298 650 430 719 moliretur
442 650 492 705 nisi
503 651 628 721 prioribus
637 650 751 704 firmatis.
787 650 823 705 Et
834 649 995 721 Brigantes4

144 753 147 764 ·
185 726 288 798 quidem,
300 727 387 798 paucis
400 726 444 798 qui
464 746 533 781 arma
551 727 695 798 coaptabant
713 726 861 791 interfectis,
874 727 902 780 in
915 726 970 781 reli-

185 822 244 875 quos
256 803 315 858 data
325 804 405 869 venia,
418 803 533 859 resedere
544 828 550 859 z
571 804 682 859 Silurum
694 822 756 875 gens
765 822 817 857 non
828 804 969 868 atrocitate,

183 898 233 935 non
244 880 376 935 clementia
387 880 539 946 mutabatur,
551 882 613 951 quin
624 880 718 935 bellum
730 884 859 935 exerceret
871 880 971 935 eastris-

184 976 231 1029 que
247 956 375 1029 legionum
391 956 529 1027 premenda
543 958 618 1013 foret.
655 957 688 1012 Id
704 976 754 1029 quo
770 957 911 1029 promptius
929 967 993 1013 vet

182 1035 254 1099 niret,
267 1034 364 1089 colonia
376 1033 584 1099 Camulodunum,
598 1034 681 1089 valida
696 1038 873 1089 veteranorum
885 1053 969 1100 manu,

183 1110 314 1166 deducitur
321 1112 349 1167 in
358 1128 431 1183 agros
444 1112 564 1183 captivos,
573 1110 714 1166 subsidium
726 1110 847 1166 adversm
856 1111 969 1177 rebelles,

182 1192 209 1242 et
231 1187 371 1243 imbuendis
392 1188 468 1243 sociis
488 1188 520 1242 ad
540 1189 620 1243 officia
639 1188 732 1259 legum.
767 1188 840 1243 Itum
862 1188 921 1243 inde
943 1188 1017 1247 11133

183 1265 284 1331 Siluras,
298 1283 374 1336 super
390 1265 516 1336 propriam
528 1264 647 1320 ferociam
659 1265 789 1319 Caractaci
800 1264 895 1320 viribus
913 1284 970 1320 con·

133 1358 135 1369 ¹
181 1343 249 1407 fisos,
267 1362 340 1415 quem
355 1343 435 1399 multa
450 1342 574 1415 ambigua,
587 1343 668 1397 multa
682 1361 803 1414 prospera
819 1343 969 1408 extulerant,

133 1373 138 1469 l
181 1424 211 1474 ut
223 1424 320 1476 ceteros
335 1420 517 1475 Britannorum
534 1421 700 1492 imperatores
715 1420 883 1491 premineret.
920 1420 994 1475 Sada

180 1502 238 1553 tum
261 1502 326 1565 astu,
348 1498 461 1553 locorum
479 1498 567 1553 fraude
586 1498 663 1569 prior,
685 1498 712 1552 vi
731 1498 840 1552 militum
859 1497 970 1564 inferior,

180 1575 303 1631 transfert
324 1575 419 1631 bellum
438 1576 467 1630 in
487 1574 642 1642 Ordovicas3
667 1574 809 1647 additisque
828 1575 872 1645 qui
883 1593 971 1646 pacem

180 1658 293 1708 nostram
300 1653 454 1719 metuebant,
462 1653 625 1707 novissimum
634 1672 721 1708 casum
728 1652 970 1724 experitur,sumpto

179 1730 212 1786 ad
230 1730 344 1802 praelium
358 1730 421 1798 loco,
434 1734 464 1786 ut
476 1730 567 1797 aditus,
582 1730 721 1798 abscessus,
735 1734 827 1787 cuncta
837 1730 909 1786 nobis
925 1729 971 1785 im·

179 1815 297 1880 portura,
322 1812 348 1864 et
372 1809 424 1864 suis
447 1809 476 1864 in
498 1808 587 1863 melius
611 1813 704 1864 essent.
746 1809 818 1864 limo
841 1808 994 1864 montibusa

179 1885 275 1954 arduis,
288 1889 314 1940 et
327 1885 350 1941 si
366 1905 415 1958 qua
431 1885 569 1941 clementer
586 1885 671 1941 accedi
686 1889 811 1958 poterant,
824 1886 851 1941 in
866 1885 970 1940 modum

178 1963 240 2017 valli
248 1981 309 2017 saxa
320 1963 457 2034 praestruit.
493 1963 528 2018 Et
540 1963 687 2034 praefluebat
699 1964 780 2018 amnis
788 1963 853 2019 vado
864 1963 994 2030 incedat

178 2041 370 2112 catervaeque†
392 2040 516 2112 majomm
539 2058 585 2111 pro
608 2041 771 2096 munimentis
794 2041 968 2096 constiterant.

177 2117 221 2173 Ad
242 2117 291 2173 hoc
311 2117 426 2188 gentium
447 2117 564 2172 ductores
586 2117 726 2184 circumire,
747 2118 851 2183 hortari,
870 2118 969 2172 firmare
979 2117 1017 2172 34

177 2195 277 2250 animos
294 2195 430 2250 minuendo
447 2199 526 2259 metu,
546 2195 704 2250 accendenda
721 2213 773 2266 spe,
789 2195 894 2266 aliisque
911 2193 971 2249 belli

175 2273 358 2328 incitamentis.
394 2273 530 2328 Enimvero
549 2272 701 2328 Caraetacus
717 2273 768 2328 huc
784 2272 844 2327 illuc
861 2271 994 2331 volitaret

174 2350 250 2405 illum
276 2349 350 2417 diem,
373 2349 442 2404 illam
463 2351 543 2404 aciem
563 2349 708 2404 testabatur
725 2356 770 2404 aut
792 2349 970 2421 recuperandae

174 2427 305 2483 libertatis
326 2431 371 2482 aut
395 2427 526 2482 servitutis
547 2430 648 2481 atemae
668 2427 769 2481 initium
790 2426 851 2481 lore.
887 2427 993 2482 Voce-3

133 2503 135 2536 l
175 2496 275 2568 batque
286 2497 388 2552 nomina
399 2498 530 2568 majomm,
544 2497 587 2568 qui
599 2495 748 2552 dictatorem
758 2496 882 2552 Caesarem
893 2515 971 2568 pepu-

173 2575 284 2640 lissent;
304 2593 411 2646 quorum
427 2576 523 2629 virtute
541 2573 615 2629 vacui
632 2592 649 2627 a
665 2573 796 2629 securibus
814 2578 840 2628 et
857 2574 969 2640 tributis,

172 2653 332 2708 intemerata
349 2653 485 2724 conjugum
503 2655 530 2706 et
547 2651 683 2706 liberorum
701 2669 806 2722 corpora
822 2652 969 2706 retinerent.

172 2729 244 2785 Haec
261 2733 339 2801 atque
351 2729 412 2784 talia
427 2729 521 2783 dicenti
533 2732 660 2800 astrepere
674 2729 783 2800 vulgus3
801 2729 890 2801 gentili
904 2729 995 2799 quis-4

173 2825 227 2877 qne
239 2805 363 2878 religione
375 2805 507 2876 obstringi,
520 2823 571 2859 non
586 2805 653 2871 telis,
665 2824 717 2860 non
731 2806 876 2861 vulneribus
888 2824 970 2860 cessu-

172 2902 227 2938 ros.
266 2883 445 2952 Obstupefecit
457 2901 487 2936 ea
499 2882 612 2937 alacritas
625 2883 714 2938 ducem
722 2883 878 2948 Bomannm3
896 2882 971 2937 simul
979 2889 1016 2945 35

173 2961 298 3034 objectus
314 2961 402 3032 amnis,
414 2959 530 3014 additum
541 2960 642 3027 vallum,
654 2961 812 3016 imminentia
824 2961 895 3032 juga,
907 2959 971 3016 nibil
