2550 3500
296 384 343 433 808
626 386 746 437 TAClTI

920 450 955 498 [Α.
965 450 994 492 ΰ.
1003 451 1027 492 c,
1037 452 1085 493 812

295 513 344 565 que
356 495 423 566 quod
440 495 573 551 discrimen
585 496 748 567 improvisum
765 501 794 553 ct
809 498 896 553 matris
913 500 1010 556 facinus
1024 521 1086 557 era-

273 574 378 639 3sissct.
413 575 495 629 Amici
511 574 600 630 debinc
616 575 685 631 adire
705 577 805 647 templa,
821 580 848 631 et
868 583 951 649 ooepto
967 581 1087 651 exemplo

298 650 411 719 proxima
431 651 573 722 Campania
590 652 726 724 municipis
743 654 852 708 victimis
869 658 897 709 ct
913 655 1087 727 legationibus

273 725 410 783 slmtitiaur
426 728 522 782 testari.
557 728 618 798 Ipse
635 728 737 784 diversa
753 729 911 785 simulatione
927 736 1041 797 mestus,
1057 738 1088 789 et

296 804 367 874 quasi
382 803 548 859 incolumitati
563 823 616 860 suc
630 805 752 871 infensus,
765 824 794 861 ac
805 812 887 862 morte
901 809 1013 878 parentis
1029 808 1088 864 illa·

274 880 410 937 tcrimaus.
445 880 514 939 Quia
524 883 609 936 tamen
616 899 675 947 non,
687 886 717 936 ut
729 881 858 937 hominum
866 883 960 950 vultus,
968 885 1005 939 ita
1016 885 1088 940 loco·

295 976 351 1011 rum
370 956 447 1011 facias
465 961 603 1022 mutantur,
624 956 853 1029 obversabaturque
871 961 947 1015 maris
966 961 1035 1016 illius
1057 965 1086 1017 et

294 1032 396 1087 litorum
407 1033 490 1103 gravis
502 1038 626 1104 aspectus,
634 1034 674 1102 (et
685 1037 757 1088 crant
768 1032 813 1103 qui
824 1033 955 1091 crederent
967 1038 1084 1093 sonitum

294 1110 363 1164 tuboe
378 1109 482 1165 collibus
496 1109 590 1165 circum
604 1109 687 1174 editis,
702 1108 867 1180 planctusque
880 1110 979 1165 tumulo
993 1113 1084 1169 matris

295 1185 395 1255 audiri)
411 1186 545 1257 Neapolim
562 1186 692 1251 concessit,
705 1185 853 1256 litterasque
864 1184 897 1240 ad
908 1193 1024 1241 senatum
1035 1188 1084 1242 mi-

295 1262 329 1316 sit
336 1285 344 1329 ;
362 1281 469 1333 quarum
479 1280 577 1319 summa
588 1267 643 1317 erat
654 1266 782 1333 repertum
798 1279 856 1317 cum
867 1261 934 1316 ferro
951 1280 1083 1333 percusso-

294 1357 348 1394 rem
365 1339 510 1410 Agerinum,
528 1358 560 1394 ex
573 1338 669 1393 intimis
680 1337 827 1409 Agrippinae
843 1337 947 1404 libertis,
964 1343 991 1393 et
1004 1338 1083 1395 larissa

253 1418 350 1473 lleam
358 1434 456 1487 prauam
467 1415 626 1480 couscientia,
640 1432 690 1485 qua
700 1414 782 1469 scelus
791 1414 937 1484 paravisset.
972 1415 1083 1487 Adjieie-

295 1492 339 1548 bat
348 1493 452 1549 crimina
461 1493 561 1565 longius
569 1492 684 1563 repetita,
695 1490 763 1562 quod
773 1490 927 1546 consortium
938 1491 1036 1563 imperii
1043 1492 1083 1563 ju-

295 1573 443 1641 raturasque
454 1570 482 1625 in
499 1569 598 1625 lamium
609 1567 686 1624 verba
696 1566 826 1639 pretoria
837 1567 953 1623 cohortes
965 1567 1082 1639 idemque

296 1646 403 1701 dedecus
411 1650 513 1701 senatus
520 1650 547 1701 et
553 1645 639 1717 populi
647 1644 798 1716 speravisset
802 1666 810 1711 ;
823 1644 1082 1715 acpostquam†frus-

295 1726 337 1777 tra
348 1722 431 1778 ablata
442 1723 620 1796 (fimtrataf)
633 1722 675 1788 sit,
687 1721 786 1778 biensa
796 1720 872 1778 militi
882 1721 1046 1794 patribusque
1055 1726 1082 1779 et

295 1799 364 1870 plebi
371 1799 531 1855 dbsuasisset
546 1799 692 1854 douatmrm
703 1803 730 1854 et
746 1799 908 1870 congiarium,
920 1800 1081 1872 periculaque

273 1876 356 1936 arinis
374 1875 513 1930 illustribus
531 1875 700 1931 instruxisset.
736 1875 841 1935 Quanto
858 1894 905 1930 suo
922 1876 1007 1932 labore
1026 1896 1081 1948 per·

295 1955 422 2023 patratum
440 1970 474 2008 ne
493 1952 644 2023 irrumperet
664 1951 766 2017 cumam,
783 1970 816 2008 ne
833 1952 951 2024 gentibus
970 1956 1082 2010 externis
1138 1985 1139 1999 ι

294 2047 415 2101 respousa
425 2028 505 2084 daret.
539 2029 690 2099 'l’empomm
703 2046 803 2100 quoque
814 2027 1009 2084 Claudianorum
1021 2030 1082 2085 obli·

296 2124 346 2178 qua
363 2105 535 2172 insectatione,
554 2109 647 2162 cuncta
666 2105 720 2176 ejus
741 2105 918 2160 dominationis
938 2106 1036 2178 flagitia
1055 2108 1082 2163 in

295 2188 402 2238 matrem
416 2182 555 2248 traustulit,
571 2181 672 2254 publica
688 2181 791 2238 fortuna
805 2183 944 2238 extinctam
960 2183 1080 2240 referens.

275 2260 411 2330 aliamque
422 2263 448 2315 ct
457 2259 616 2331 naufragium
623 2257 758 2314 narrabat:
775 2258 986 2329 quodlortmtum
993 2259 1080 2326 fuisse,
1133 2243 1136 2361 l

295 2337 351 2408 quis
364 2337 426 2392 adeo
436 2337 513 2392 hebes
529 2335 684 2392 inveniretur
699 2338 730 2390 ut
741 2334 876 2392 crederet?
894 2341 939 2392 aut
950 2355 967 2391 a
977 2336 1081 2393 muliere

294 2413 417 2484 naufraga
426 2413 531 2468 missum
539 2431 597 2468 cum
609 2411 660 2466 telo
668 2429 755 2476 unum,
768 2411 811 2482 qui
822 2411 938 2468 cobortes
950 2417 977 2468 et
989 2413 1080 2468 classes

274 2489 453 2559 simperatoris
472 2488 660 2560 perfringeret?
683 2487 753 2559 Ergo
768 2506 820 2543 nou
837 2488 890 2560 jam
907 2488 986 2554 Nero,
1007 2490 1080 2561 cujus
1132 2537 1133 2543 ,

295 2565 437 2620 immanitas
448 2565 560 2619 omnium
569 2568 674 2635 questus
687 2563 807 2630 anteibat,
817 2563 861 2620 sed
869 2565 965 2620 Seneca
975 2565 1079 2622 adverso
1129 2563 1132 2633 l

296 2659 396 2696 rumore
407 2644 469 2707 erat,
478 2640 546 2712 quod
557 2640 670 2695 oratione
680 2640 726 2694 tali
737 2641 918 2696 contessionem
930 2641 1078 2713 scripsisset.

271 2719 366 2774 2Miro
385 2723 471 2772 tamen
490 2717 626 2772 certamine
648 2734 780 2786 procerum
799 2716 967 2773 decernuntur
987 2719 1079 2789 suppli·
1130 2713 1131 2725 ¹

297 2795 408 2850 cationes
430 2791 499 2864 apud
521 2793 605 2848 omnia
623 2793 771 2863 pulvinaria,
793 2798 872 2865 utque
896 2795 1077 2864 Quinqmtna,
1129 2787 1130 2815 ¹

297 2870 389 2941 quibus
404 2873 496 2941 aperte
512 2869 609 2924 insidis
626 2872 718 2936 essent,
736 2869 802 2926 ludis
820 2870 908 2926 annuis
926 2870 1078 2926 celebraren-

297 2951 358 3015 tur3
381 2965 485 3002 aureum
501 2946 624 3002 Minerva
641 2945 802 3002 simrrlacrum
818 2947 845 3003 in
865 2946 941 3013 curia,
960 2950 987 3004 et
1005 2947 1078 3020 juxta
1117 3018 1122 3027 Ι

1117 3036 1126 3187 i
