2550 3500
374 375 570 426 ANNALIUM
586 374 642 421 XV.
659 374 760 421 29-35.
918 375 965 421 666

184 442 212 482 A.
221 442 246 481 D.
256 442 287 487 66,
295 439 338 489 64.]

183 493 226 564 jus
237 490 308 545 Latii
318 440 457 545 transtulit.
492 487 615 574 Equitum
626 485 800 540 Romanorum
810 482 879 539 locos
886 481 967 538 sedili·

132 597 133 604 6
185 568 233 623 bus
250 567 330 639 plebis
349 565 494 636 anteposuit
509 563 613 635 apud
592 581 694 618 circum
730 561 848 631 Namque
866 560 898 615 ad
913 570 993 618 66661

186 645 252 700 diem
271 644 402 699 indiscreti
419 642 561 713 inibant,q
560 640 603 695 nie
621 640 665 695 len
681 638 775 694 Roscia
791 638 896 693 nihil'
870 638 921 692 nisi
937 637 969 691 de

132 722 133 772 3
186 721 388 793 quattuordecim
411 660 561 775 ordinibusq
565 717 657 773 sanxit.
706 715 854 787 Spectacula
876 714 994 803 gladia-8

185 805 271 854 torum
281 798 350 854 idem
360 816 442 851 annus
453 796 550 861 habuit,
562 814 618 866 pan
610 793 801 865 'magnificent
793 812 818 848 ra
835 812 865 847 ac
880 793 970 863 priora.

187 875 238 931 Sed
263 876 413 930 feminarum
435 873 572 929 illustrium
596 875 791 941 senatorumque
813 870 898 941 plnres
926 888 972 941 per

132 968 133 994 1
187 950 466 1008 arenamioedatisunt.

223 1024 846 1094 (111666666611.Ι1616166666611166,6661666
869 1025 896 1080 in
919 1023 1020 1081 6116633

188 1104 306 1177 cupidine
326 1104 475 1175 adigebatur
495 1104 566 1158 Nero
585 1103 740 1174 promiscuas
756 1121 844 1157 scenas
858 1103 973 1173 frequen·
981 1116 1044 1149 ΔΜ

189 1181 268 1237 tandi
302 1182 371 1237 Nam
391 1180 473 1235 adbuc
491 1200 537 1252 per
555 1180 658 1235 domum
675 1184 721 1235 aut
736 1180 823 1234 hortos
842 1180 1018 1246 6661666666»
983 1157 1027 1197 ⁸¹¹⁷

187 1260 348 1333 juvenalibus
359 1259 433 1325 ludis,
447 1278 509 1330 qnos
521 1263 551 1315 66
563 1277 652 1330 parum
665 1258 813 1313 celebreset
802 1262 882 1313 tltan
883 1278 903 1314 ae
919 1258 974 1313 voci
991 1257 1024 1297 14·

191 1341 314 1408 angustos
325 1337 467 1408 spernebat.
503 1336 564 1391 Non
575 1341 661 1390 tamen
672 1335 776 1391 Rome
769 1335 878 1406 incipere
890 1354 974 1400 66666,
984 1353 999 1398 2

191 1414 326 1485 Neapolim
344 1414 416 1485 qnasi
432 1414 544 1469 Gracam
562 1413 651 1468 urbem
672 1412 781 1482 delegit:
800 1412 858 1467 inde
876 1413 976 1469 initium

192 1492 248 1547 iore
265 1495 296 1546 66
314 1495 487 1562 transgressus
501 1491 529 1545 in
546 1490 675 1555 Achaiam,
693 1488 856 1559 insignesque
870 1494 896 1545 et
914 1490 977 1544 anti-

194 1568 281 1639 quitus
304 1586 388 1623 sacras
416 1586 520 1623 coronas
544 1566 658 1637 adeptus,
681 1568 776 1637 majore
804 1566 872 1621 fama
894 1566 979 1621 studia

132 1691 133 1714 ,
194 1645 286 1702 civium
296 1645 405 1701 eliceret.
441 1644 511 1715 Ergo
520 1647 678 1699 contractum
687 1642 868 1713 oppidanorum
877 1644 1003 1715 vulguss

132 1748 133 1759 ι
195 1727 222 1780 66
234 1742 297 1796 quos
309 1741 324 1779 e
335 1721 456 1794 proximis
468 1720 572 1777 coloniis
584 1725 611 1776 66
627 1719 770 1792 municipiis
787 1720 842 1792 ejus
859 1721 897 1776 rei
912 1721 980 1777 fama

195 1802 298 1866 cinerat,
310 1801 404 1873 quique
415 1800 541 1855 Caesarem
556 1817 602 1870 per
619 1798 740 1852 honorem
756 1803 801 1853 aut
818 1799 900 1854 varios
916 1819 980 1855 6666

196 1882 333 1944 sectantur,
351 1878 429 1934 etiam
446 1875 698 1947 militnmmanipuli,
717 1875 845 1931 theatrum
863 1877 981 1949 Neapoli-

196 1958 313 2010 tanorum
337 1955 471 2026 complent.
507 1953 571 2019 illic,
596 1953 710 2024 plerique
732 1957 763 2008 66
786 1953 980 2020 arbitrabantur,
990 1966 1029 2021 34

196 2032 279 2096 triste,
295 2035 326 2086 66
336 2032 399 2103 ipsa,
411 2030 544 2103 providum
560 2031 646 2102 potius
662 2034 689 2085 66
707 2031 824 2085 secundis
838 2031 983 2086 numinibus

197 2109 297 2164 evenit:
315 2127 374 2164 nam
389 2126 499 2180 egresso,
517 2107 561 2179 qui
579 2108 694 2172 affuerat,
715 2108 807 2178 populo
826 2126 933 2163 vacnum
957 2111 983 2163 et

198 2185 348 2240 6166611166
370 2204 438 2241 noxa
456 2185 586 2241 theatrum
607 2185 745 2255 collapsum
765 2189 812 2240 666.
849 2185 1007 2257 Ergope12

198 2262 353 2333 compositos
364 2267 454 2318 cantus
465 2266 552 2334 grates
564 2261 607 2316 dis
619 2266 696 2333 etque
703 2263 784 2333 ipsam
791 2263 900 2318 recentis
912 2281 985 2318 casus

198 2340 327 2395 fortunam
349 2339 486 2406 celebrans,
510 2339 696 2410 petiturusque
712 2339 789 2394 maris
808 2340 912 2396 Hadriae
936 2344 985 2396 tre·

195 2417 289 2489 jactus,
300 2415 368 2487 apud
380 2417 556 2472 Beneventum
572 2415 675 2470 interim
687 2416 817 2483 consedit,
835 2417 880 2472 ubi
894 2417 986 2490 gladia-

198 2494 293 2549 torium
318 2511 411 2548 munna
431 2493 568 2549 aVatinio
586 2493 684 2548 celebre
702 2493 792 2549 edebat
781 2498 831 2549 t.ur
870 2495 927 2550 Vat
908 2497 1008 2554 661663

199 2569 483 2642 intcrioedissimaejus
495 2571 559 2627 66166
571 2574 673 2626 ostenta
684 2570 734 2626 1616
696 2576 786 2637 66666
786 2572 887 2628 trinaet
875 2573 987 2629 tabernae

200 2648 325 2713 nunnus,
340 2665 444 2719 corpore
456 2647 565 2714 detorto,
577 2648 676 2703 facetiis
692 2648 848 2718 scurrilibus,
864 2651 945 2738 primo
960 2652 988 2705 16

200 2725 366 2781 contumelias
378 2729 541 2796 assumptus3
559 2725 707 2782 dehinct
662 2730 707 2797 opt
707 2727 751 2782 imi
765 2727 889 2798 cujusque
906 2728 988 2783 crimi-

200 2803 303 2859 natione
314 2821 346 2858 eo
360 2821 442 2874 usqne
459 2803 584 2860 66161666
600 2803 689 2875 gratia,
708 2805 822 2875 pecunia,
839 2805 865 2859 vi
882 2804 988 2860 nocendi

201 2881 279 2936 etiam
289 2879 369 2936 malos
380 2880 548 2952 premineret.
571 2881 637 2951 Ejus
649 2899 740 2936 munus
752 2881 925 2952 frequentanti
936 2883 1033 2946 11635

200 2958 258 3014 roni
268 2958 380 3014 6616666
391 2958 536 3031 voluptates
547 2958 649 3031 quidem
661 2977 676 3014 a
687 2958 823 3016 sceleribus
834 2959 987 3016 cessabatur.

218 3058 337 3092 rac..rorr.
349 3060 367 3095 1·
567 3052 613 3092 Aa
