2550 3500
301 366 331 414 36
638 367 762 416 'reem

939 431 975 482 [Λι
983 431 1009 472 U.
1017 434 1039 472 c.
1050 431 1096 474 ΝΒ.

274 480 416 533 otractare.
465 477 543 532 Cerni
567 477 650 534 adhue
674 480 858 535 Germanorum
881 481 910 535 iu
932 482 997 537 lueis
1020 483 1096 554 sigim

273 555 420 620 thomann,
434 573 490 627 quar
500 555 541 610 dis
553 557 643 627 patriis
655 558 823 630 suspenderit.
860 558 961 614 Celeret
974 561 1095 632 Segestes

296 641 390 695 vietam
410 640 499 712 ripam,
519 641 636 697 redderet
657 642 709 698 filio
732 643 916 699 sacerdotium:
946 644 995 700 hoe
1012 664 1095 703 uuum

297 717 437 773 Gennanos
457 737 587 791 nunquam
605 720 669 775 satis
688 725 862 786 excusaturos,
879 721 948 793 quod
964 722 1032 778 inter
1048 723 1094 778 Al-

295 792 348 849 bim
367 798 393 850 et
411 795 532 850 Rhenum
550 797 633 869 virgas
652 801 679 852 et
699 817 801 854 secures
820 801 847 853 et
865 801 952 870 togam
972 799 1093 857 viderint.

272 871 361 930 7Aliis
373 873 493 944 gentibus
506 874 653 946 ignorantia
660 875 760 947 imperii
771 875 881 930 Romani
892 876 1024 948 inexperta
1035 897 1094 934 esse

295 951 425 1022 supplicis,
442 951 528 1006 nescia
545 952 661 1018 tributa3
685 971 742 1024 qne
758 953 876 1024 quoniam
891 954 1015 1020 exuerint,
1035 955 1093 1010 irri-

294 1030 389 1100 tusque
402 1028 547 1084 discesserit
564 1029 606 1085 ille
622 1030 690 1085 iuter
707 1031 812 1085 numina
829 1031 928 1086 dicatus
945 1032 1091 1102 Augustus,

292 1103 335 1160 ille
359 1104 472 1160 delectus
496 1106 619 1173 liberius,
640 1127 674 1163 ne
696 1107 843 1179 imperitum
865 1107 1091 1181 adolescentulum,

270 1195 326 1242 8ne
346 1183 494 1238 seditiosum
508 1185 649 1240 exereitum
666 1189 838 1257 pavescerent.
875 1185 902 1240 Si
914 1186 1029 1256 patriam,
1046 1206 1092 1258 pa·

292 1264 386 1327 rentes,
399 1261 505 1333 antiqua
517 1262 620 1318 mellent
629 1281 706 1333 quam
718 1262 832 1318 dominos
844 1265 871 1317 et
883 1262 993 1318 colonias
1001 1283 1090 1331 noras,

215 1343 219 1350 “
291 1339 436 1394 Arminium
454 1340 539 1411 potius
557 1341 645 1412 glorire
663 1359 693 1396 ec
709 1340 843 1406 libertatis,
862 1359 938 1412 quam
957 1341 1090 1414 Segestem

227 1431 235 1448 ⁸
292 1417 425 1489 flagitiose
437 1419 568 1474 servitutis
581 1418 679 1485 ducem,
693 1424 867 1490 sequerentur.
913 1439 919 1450 ·

245 1493 284 1549 60
327 1494 428 1550 Conciti
444 1514 489 1567 per
501 1495 555 1552 haec
569 1514 621 1551 non
638 1495 714 1552 modo
726 1496 850 1552 Cherusci
864 1495 911 1551 sed
923 1495 1089 1553 conterminae

291 1576 390 1644 gentes,
408 1577 557 1645 tractusque
575 1574 602 1629 in
619 1573 700 1646 partis
716 1573 897 1645 Inguiomerus
914 1574 1024 1629 Arminii
1044 1593 1089 1645 pa·

290 1653 373 1716 truus,
395 1650 476 1706 veteri
496 1651 564 1722 apud
581 1652 712 1707 Romanos
735 1651 902 1719 auctoritate3
920 1650 989 1707 unde
1006 1653 1089 1722 major
1140 1708 1142 1717 ,

267 1726 386 1787 scemari
397 1731 490 1785 metus.
525 1727 561 1785 Et
573 1726 711 1785 nobellum
718 1728 784 1785 mole
795 1748 848 1784 una
860 1729 996 1802 ingrueret,
1008 1729 1088 1785 Caeci·
1139 1785 1140 1792 ,

290 1823 349 1860 nem
361 1824 419 1862 cum
436 1805 604 1879 quadraginta
619 1806 766 1862 cohortibus
783 1807 905 1862 &manis
921 1806 1087 1863 distrahendo
1139 1801 1140 1812 ¹

290 1882 359 1938 hosti
370 1902 417 1955 per
427 1884 566 1939 Bructems
583 1883 615 1939 ad
627 1884 721 1939 flumen
735 1884 860 1939 Amisiam
870 1884 960 1950 mittit,
973 1884 1087 1955 equitem

266 1959 360 2015 uredo
375 1961 510 2033 praefectus
527 1960 621 2017 finibus
635 1960 776 2017 Frisiorum
791 1961 870 2017 ducit.
905 1961 967 2032 Ipse
983 1962 1087 2033 imposi-

289 2040 330 2092 tos
342 2038 448 2094 naribus
457 2041 578 2111 quattuor
589 2038 703 2111 legiones
714 2058 760 2111 per
770 2038 841 2095 leons
852 2039 940 2106 rexit3
959 2039 1087 2111 simulque

287 2115 372 2187 pedes,
386 2134 472 2188 eques,
485 2116 580 2182 classis,
591 2116 659 2188 apud
670 2116 820 2188 predictum
830 2134 929 2171 amnem
935 2134 1086 2174 convenere.

288 2192 386 2249 Chauci
403 2212 461 2249 cum
479 2194 572 2249 auxilia
589 2193 777 2267 pollicerentur,
798 2194 827 2249 in
846 2193 1022 2249 commilitium
1041 2194 1086 2249 ad-

263 2272 346 2329 asciti
358 2276 426 2329 sunt.
462 2273 601 2330 Bructeros
615 2292 662 2329 sna
676 2275 781 2327 urentes
798 2271 919 2343 expedita
933 2289 992 2326 cum
1006 2290 1086 2327 manu

285 2350 318 2408 L.
332 2350 470 2406 Stertinius
487 2351 567 2406 missu
585 2350 729 2406 Germanici
745 2349 829 2416 moin
852 2350 970 2419 interque
987 2348 1084 2405 oedem

286 2432 314 2484 et
325 2428 436 2501 predam
448 2429 560 2501 repperit
571 2428 766 2484 undevicesimoe
779 2426 886 2499 legionis
898 2426 1016 2497 aquilum,
1023 2444 1084 2482 cnm

261 2506 355 2565 eVaro
367 2507 493 2562 amissam.
529 2506 645 2562 Ductum
661 2505 720 2560 iude
732 2523 825 2577 agmen
843 2503 875 2559 ad
886 2504 990 2559 ultimos
1002 2504 1085 2560 Bruc-

284 2587 405 2651 terorum,
418 2588 592 2657 quantumque
608 2582 733 2638 Amisiam
744 2586 771 2637 et
782 2581 893 2653 Lupiam
907 2600 994 2637 annues
1004 2581 1082 2647 inter,

283 2666 420 2728 vastatum,
442 2661 511 2717 haud
531 2660 620 2733 procul
640 2659 855 2732 Teutoburgiensi
878 2658 954 2723 saltu,
978 2658 1007 2713 in
1029 2678 1082 2731 quo

282 2739 395 2811 reliquie
407 2738 470 2795 Vari
481 2739 660 2811 legionumque
671 2737 805 2808 insepultae
817 2736 975 2792 dicebantur.

236 2822 271 2882 61
326 2822 412 2894 Igitur
434 2820 527 2891 cupido
551 2820 678 2875 Caesarem
699 2819 798 2874 invadit
821 2818 935 2874 solvendi
961 2836 1082 2889 suprema

282 2899 405 2955 militibus
426 2898 543 2969 ducique,
563 2902 679 2969 permoto
696 2895 729 2951 sd
745 2896 932 2951 miserationem
949 2896 1018 2950 omni
1035 2898 1082 2967 qui

282 2977 370 3035 ederat
382 2977 497 3034 exercitu
508 2975 541 3031 oh
552 2976 715 3047 propinquos,
725 2975 827 3040 amicos,
840 2974 952 3045 denique·
959 2973 993 3028 ob
1005 2992 1080 3029 casus
