2550 3500
283 346 329 391 248
612 342 730 389 Tacm

909 408 1070 456 mecm
1137 385 1138 432 ]

260 454 386 510 tadverso
398 454 501 509 vulnera
512 453 618 525 excepit.
599 453 774 508 tOeterum
786 454 819 509 ad
830 455 951 510 classem
944 476 971 511 ιιι
983 457 1072 513 Daun-

282 532 467 620 bioopperieut
466 530 639 601 emperingit.
676 531 763 585 Secuti
741 536 837 586 tmox
856 532 968 599 clientes,
988 539 1016 589 et
1031 554 1073 590 ac-

259 614 339 679 ccept
340 610 361 663 is
377 609 444 679 agris
460 608 488 661 in
502 607 632 661 Pannonia
643 606 717 662 locat
698 612 719 662 tr
732 613 800 662 suut.
837 610 957 680 Regnum
967 611 1072 684 Vangio

281 704 310 739 ac
327 684 386 739 Sido
403 686 470 739 inter
487 685 663 755 sepertinere,
682 685 922 756 egregiaadversna
942 706 989 742 uos
1002 688 1070 755 fide,

281 762 409 833 subjectis,
422 779 500 816 suone
518 778 551 815 an
570 760 668 815 servitii
678 761 787 833 ingenio,
799 762 859 817 dum
871 763 1073 835 adipiscerentur

281 839 470 903 dominationes,
482 837 563 892 multa
578 837 693 905 caritate,
705 842 732 893 et
743 839 838 910 majore
849 839 915 906 odio,
933 845 1071 911 postquam

281 916 365 985 adepti
377 918 444 969 sunt.

236 999 271 1053 31
315 994 351 1047 At
371 992 397 1045 iu
417 990 550 1045 Britannia
567 990 597 1046 P.
613 990 744 1045 Ostorium
764 1009 811 1061 pru
833 995 941 1063 praetore
959 993 1071 1050 turbidae

280 1088 320 1123 res
341 1086 467 1139 excepere,
488 1069 573 1123 effusis
596 1068 624 1123 in
644 1086 733 1139 agrum
753 1068 878 1123 sociorum
897 1070 1014 1126 hostibus
1038 1090 1070 1127 eo

279 1146 421 1210 violentius,
435 1144 503 1216 quod
514 1163 606 1200 novum
619 1144 709 1200 ducem
720 1146 835 1200 exercitu
844 1146 935 1218 ignoto
946 1152 973 1203 et
984 1154 1071 1219 empta

257 1224 360 1277 ahieme
372 1223 465 1277 iturum
478 1222 577 1278 obviam
588 1240 639 1276 non
650 1222 778 1277 rebantur.
814 1223 862 1278 Ille
873 1242 968 1294 gnarus
978 1226 1069 1295 primis

279 1300 410 1355 eventibus
430 1305 526 1355 metum
549 1303 594 1355 aut
617 1298 734 1353 fiduciam
756 1299 835 1370 gigni,
860 1301 924 1355 citas
948 1302 1068 1358 cohortes

278 1379 359 1448 rapit3
383 1381 410 1433 et
430 1378 501 1433 caesis
518 1377 560 1449 qui
578 1377 735 1441 restiterunt,
752 1376 872 1447 disjectos
897 1383 1067 1446 consectatus,

277 1473 310 1509 ne
321 1474 409 1510 rursus
421 1453 638 1527 conglobarentur,
651 1453 799 1524 infensaque
813 1458 840 1509 et
857 1454 934 1509 infida
944 1473 998 1527 pax
1014 1476 1069 1513 non

278 1532 343 1600 duci,
355 1551 406 1587 non
421 1532 503 1599 militi,
521 1531 633 1603 requiem
653 1532 819 1601 permitteret,
842 1531 974 1588 detrahere
997 1552 1069 1589 arma

278 1612 409 1681 suspectis,
427 1613 568 1680 cunctaque
591 1608 680 1664 castris
699 1609 718 1646 ⁵
737 1611 867 1664 Antonam
887 1614 915 1664 et
935 1610 1068 1667 Sabrinam

256 1688 366 1745 thurios
376 1686 498 1752 cohibere,
509 1689 588 1758 parat.
609 1684 686 1745 Quod
697 1685 771 1758 primi
778 1686 849 1741 Iceni
858 1686 975 1754 abnuere,
983 1689 1069 1745 valida

277 1784 347 1836 gens,
360 1784 406 1820 nec
418 1765 510 1835 praeliis
526 1764 633 1828 contusi,
653 1763 713 1834 quia
728 1764 875 1819 societatem
891 1770 1005 1822 nostram
1022 1785 1069 1824 vo-

255 1842 357 1896 4lentes
369 1845 533 1896 accesserant.
568 1841 668 1912 Hisque
680 1841 826 1897 auctoribus
837 1842 1006 1914 circumjectae
1022 1864 1068 1900 na

276 1919 358 1973 tiones
371 1919 452 1973 locum
465 1937 555 1990 pugna
569 1917 684 1990 delegere
700 1923 801 1989 septum
818 1921 915 1992 agresti
929 1939 1023 1992 aggere
1039 1928 1068 1978 et

256 2000 270 2046 6
278 1996 348 2052 aditu
361 1999 476 2068 angusto,
495 2015 528 2052 ne
542 1996 643 2066 pervius
658 1996 737 2067 equiti
749 1996 823 2051 foret.
858 1997 898 2052 Ea
909 1999 1069 2055 munimenta

277 2074 329 2129 dux
341 2075 478 2139 Romanus,
492 2092 634 2145 quanquam
647 2073 701 2128 sine
713 2073 803 2128 robore
819 2074 946 2146 legionum
960 2076 1067 2132 sociales

277 2154 361 2223 copias
381 2151 495 2216 ducebat,
516 2169 677 2223 perrumpere
696 2151 853 2222 aggreditur,
874 2156 901 2207 et
920 2151 1067 2209 distributis

276 2229 422 2285 cohortibus
436 2233 533 2284 turmas
550 2247 650 2300 quoque
666 2227 780 2299 peditum
797 2227 829 2282 ad
847 2229 933 2284 munia
946 2231 1066 2302 accingit.

254 2307 348 2367 cTuuc
360 2307 420 2362 dato
432 2307 504 2379 signo
519 2307 680 2378 perfringunt
693 2324 819 2377 aggerem,
833 2306 936 2377 suisque
947 2307 1066 2364 claustris

276 2384 410 2454 impeditos
422 2384 534 2439 turbant.
570 2387 657 2454 Atque
668 2382 705 2437 illi
716 2383 869 2438 ‹mnseientia
876 2383 1027 2449 rebellionis,
1038 2391 1067 2440 et

254 2461 387 2532 lobseptis
405 2462 512 2533 effugiis,
531 2460 597 2515 mul
586 2465 613 2514 ι
630 2464 657 2514 et
669 2460 736 2515 clara
751 2459 863 2514 facinora
878 2460 969 2515 fecere.
1005 2462 1068 2521 Qua

275 2557 360 2626 pugna
383 2538 449 2592 filius
475 2538 553 2609 legati
532 2537 615 2592 t.M
637 2537 755 2592 Ostorius
779 2537 872 2592 servati
899 2538 962 2593 ciris
986 2538 1067 2594 decus

231 2617 268 2670 32
276 2616 374 2669 meruit.
356 2613 531 2669 tCeterum
543 2614 612 2670 clade
624 2614 758 2669 Icenorum
771 2615 903 2685 compositi
914 2633 959 2685 qm
951 2614 1066 2672 bellum

275 2696 382 2746 mttere
399 2709 486 2762 pacem
504 2691 576 2746 dubit
578 2689 669 2755 abant,
688 2695 714 2744 et
730 2690 823 2746 duetus
838 2690 897 2746 inde
909 2691 1011 2763 Ganges
1022 2712 1067 2748 ex

254 2771 376 2829 seruitus
413 2770 504 2823 Vastat
466 2769 593 2840 tatiagri,
612 2768 703 2839 prada
720 2770 813 2839 passim
831 2775 902 2835 aetra,
920 2788 972 2825 non
994 2773 1066 2828 unsis

275 2849 353 2901 aciem
368 2847 425 2901 host
415 2845 490 2910 tibus,
504 2845 582 2900 vel'
562 2864 584 2898 ar
596 2863 628 2899 ex
646 2844 744 2900 occulto
762 2865 864 2917 carpere
879 2865 971 2919 agmen
981 2851 1065 2903 tenta-

252 2931 339 2990 arent,
358 2923 447 2996 punito
465 2923 529 2977 dolo.
565 2922 672 2992 Jamque
689 2927 794 2979 ventum
811 2923 879 2980 haud
894 2924 982 2996 procul
999 2926 1065 2980 mari
