2550 3500
303 380 349 427 146
634 378 755 425 TACITI

930 441 1086 489 [amoro.

300 490 383 545 miuus
407 490 480 545 claris
497 490 643 561 majoribus,
668 488 713 543 sed
733 490 816 543 animo
840 488 962 555 diversus,
988 493 1087 546 censuit

300 567 439 623 cavendum
465 573 567 623 senatus
596 567 712 623 consulto
740 571 779 633 ut,
803 585 946 638 quanquam
973 567 1088 625 insontes

299 645 464 717 magistratus
482 648 508 699 et
526 645 605 716 culpae
623 645 710 699 alienae
727 644 813 709 nescii,
830 644 1026 714 provincialibus
1044 666 1089 701 nx·

300 740 372 777 orum
385 722 529 777 criminibus
541 722 645 793 perinde
657 740 733 793 quam
744 722 797 776 suis
808 722 988 793 plecterentur.

256 803 292 857 21
335 800 430 854 Actum
446 798 536 855 dehinc
551 798 582 853 de
599 799 736 869 Calpmnio
753 799 853 864 Pisone,
871 798 951 853 nobili
968 818 999 854 ac
1010 800 1089 856 feroci
1135 871 1136 876 Ἰ

300 876 362 931 viro.
387 876 415 931 Is
427 894 542 947 namque,
552 879 583 931 ut
591 876 688 944 rettuli,
698 877 735 943 (ii.
744 877 798 945 34)
808 894 939 930 cessurum
947 894 975 931 se
984 876 1049 932 urbe
1058 878 1089 933 ob

301 953 423 1009 factiones
435 957 610 1008 accusatorum
621 953 649 1007 in
660 957 751 1008 senatu
762 952 941 1018 clamitaverat,
955 957 990 1022 ct,
1003 961 1091 1025 spreta

300 1030 415 1101 potentia
425 1031 557 1102 Augustae,
570 1030 671 1085 trahere
686 1031 715 1084 in
726 1030 768 1101 jus
784 1029 952 1101 Urgulaniam
964 1029 1090 1103 domoque

279 1108 420 1179 tprinoipis
433 1108 515 1162 excire
527 1126 603 1163 ausus
620 1111 683 1163 erat.
720 1107 785 1166 Quae
800 1107 828 1161 in
843 1126 954 1178 praesens
970 1108 1090 1164 Tiberius

302 1185 408 1240 civiliter
423 1184 527 1240 habuit:
547 1184 592 1239 sed
608 1185 636 1239 in
651 1184 733 1238 animo
750 1184 896 1239 revolvente
914 1185 973 1249 iras,
989 1186 1090 1241 etiamsi

279 1262 411 1333 aimpetus
423 1262 566 1317 offensionis
580 1262 720 1333 languerat,
736 1262 857 1315 memoria
873 1262 981 1317 valebat.
1018 1263 1090 1318 Piso

300 1358 359 1393 nem
377 1340 409 1399 Q.
430 1339 538 1395 Granius
556 1339 648 1394 secreti
665 1338 786 1393 sermonis
806 1338 932 1393 incusavit
954 1338 1091 1395 adversum

222 1442 224 1450 2
300 1416 459 1488 majestatem
477 1416 564 1482 habiti,
586 1414 727 1488 adjecitque
745 1415 773 1470 in
791 1414 866 1470 domo
886 1416 942 1486 ejus
962 1434 1091 1471 venenum

279 1503 364 1559 iesse,
377 1512 484 1566 eumque
496 1494 578 1567 gladio
591 1494 731 1549 accinctum
742 1492 847 1547 introire
859 1493 962 1547 curiam
1000 1494 1088 1560 Quod,

301 1575 331 1625 ut
352 1572 462 1627 atrocius
481 1589 548 1637 vero,
570 1571 732 1625 tramissum:
752 1573 902 1637 eeteromm,
925 1589 983 1641 quoe
1007 1572 1091 1627 multa

302 1648 501 1713 cumulabantur,
523 1651 647 1719 receptus,
661 1651 702 1702 est
722 1666 795 1713 reus3
813 1665 895 1717 neque
914 1652 1036 1717 peractus
1057 1650 1090 1704 ob

280 1732 409 1789 5mortem
432 1728 606 1798 opportunam.
643 1724 763 1780 Relatum
786 1727 813 1780 et
833 1723 865 1780 de
886 1724 974 1780 Cassio
995 1726 1091 1782 Severo

302 1803 382 1868 exule,
403 1803 446 1874 qui
463 1802 571 1858 sordidae
588 1802 700 1874 originis,
719 1802 837 1857 malelioae
852 1802 919 1868 vitm,
937 1803 983 1858 sed
999 1805 1092 1860 orandi

300 1879 406 1945 validus,
419 1898 464 1951 per
476 1879 620 1935 immodicas
631 1879 776 1934 inimicitias
787 1884 818 1934 ut
827 1879 922 1951 judicio
927 1880 1008 1951 jurati
1019 1900 1092 1937 sena-

300 1960 343 2012 tus
368 1957 471 2012 Cretam
491 1960 649 2012 amoveretur
672 1957 804 2022 effecerat3
833 1960 910 2026 atque
928 1957 980 2012 illio
1000 1960 1093 2014 eadem

301 2033 436 2100 actitando,
456 2034 567 2089 recentia
586 2038 723 2104 veteraque
743 2033 801 2088 odia
818 2033 936 2099 advertit,
960 2033 1090 2108 bonisque

301 2115 400 2178 exutus,
413 2111 548 2167 interdicto
560 2111 614 2184 igni
626 2115 702 2182 atque
714 2129 786 2182 aqna,
798 2129 859 2166 saxo
876 2111 982 2182 Seripho
1000 2131 1093 2169 eonse-

255 2190 364 2244 22nuit.
412 2190 463 2244 Per
486 2189 553 2244 idem
575 2193 677 2260 tempus
700 2188 817 2243 Plautius
842 2188 959 2242 Silvanus
982 2191 1091 2260 praetor,

299 2266 403 2322 incertis
421 2267 510 2332 causis,
529 2267 668 2338 Aproniam
685 2266 818 2338 conjugem
834 2265 862 2320 in
878 2283 991 2336 proeocps
1007 2267 1092 2338 jecit3

299 2347 447 2416 tractumque
465 2343 497 2399 ad
515 2343 641 2400 Gaesarem
656 2342 688 2398 ab
705 2343 736 2398 L.
748 2342 861 2413 Apronio
879 2361 966 2397 soecm
983 2344 1095 2400 turbata

299 2424 384 2475 mente
402 2421 539 2493 respondit,
552 2427 673 2492 tanquam
684 2420 739 2490 ipse
755 2437 843 2474 somno
861 2420 945 2492 gravis
963 2426 1045 2492 atque
1061 2441 1094 2477 eo

277 2497 411 2569 signarus,
436 2503 462 2553 et
485 2517 550 2554 uxor
574 2502 665 2570 sponte
688 2501 796 2551 mortem
819 2497 977 2568 sumpsisset.
1028 2499 1096 2554 Non

299 2579 449 2631 cunctanter
460 2577 577 2632 Tiberirm
589 2576 673 2648 pergit
684 2576 712 2630 in
723 2574 832 2640 domurn,
851 2576 912 2630 visit
926 2575 1094 2644 cubiculum

299 2653 395 2723 inquo
418 2654 566 2708 reluctantis
590 2661 617 2708 et
640 2651 755 2723 impulsae
777 2653 888 2724 vestigia
910 2653 1094 2710 cemebantnr.

279 2730 391 2786 3Belert
404 2729 435 2784 ad
453 2734 577 2795 senatum,
595 2729 711 2799 datisque
725 2728 853 2800 judicibus
871 2729 1024 2800 Urgulania,
1043 2731 1095 2786 Sil-

299 2808 358 2863 vani
370 2807 431 2876 avia,
444 2807 580 2878 pugionem
591 2806 680 2876 nepoti
690 2806 767 2860 misit.
804 2806 882 2866 Quod
892 2807 996 2878 perinde
1009 2809 1095 2864 oredi-

298 2889 355 2940 tum
367 2885 439 2956 quasi
450 2883 570 2956 principis
582 2883 689 2949 monitu,
702 2883 734 2938 ob
744 2884 879 2939 amicitiam
890 2886 1019 2956 Augustae
1033 2905 1097 2942 cnm

276 2962 448 3034 4Urgulania.
485 2962 565 3028 Reus,
578 2961 675 3016 frustra
685 2964 786 3017 tentato
797 2963 872 3028 ferro,
885 2979 963 3016 venas
978 2964 1096 3034 praebuit
