2550 3500
403 380 477 427 Tne.
498 378 628 427 ANNAL.
647 380 694 427 Xl.
709 381 777 427 1-4.
938 384 985 428 215

134 482 135 485 ,
199 443 257 482 Μ).
267 441 308 491 ll]

198 494 315 563 prorupit
337 509 404 557 reus,
424 496 459 561 et,
479 492 665 563 “Interroga'’
684 492 774 562 inquit,
795 496 811 520 “
819 492 898 557 Suilli,
920 492 984 546 lilios

197 576 272 624 tuos:
292 570 374 623 vnum
393 586 448 623 esse
468 587 509 623 me
529 568 704 624 fatebuntur?
740 570 925 639 Ingressusque
944 568 1008 627 det

196 647 344 711 sensionem,
358 649 482 700 commoto
494 645 614 716 majorem
626 646 656 699 in
670 645 771 700 modum
785 645 899 710 Claudio,
916 645 985 699 Mes·

197 724 284 779 salina
308 741 408 795 quoque
431 722 547 777 lacrimas
572 723 675 777 excivit.
724 722 824 781 Quibus
854 721 1009 778 abluendis4

198 801 314 857 cubiculo
338 800 468 872 egrediens
492 806 578 855 monet
607 801 748 867 Vitellium,
770 820 803 855 ne
826 800 891 855 elabi
913 819 986 855 reum

198 880 301 934 sineret,
337 878 399 949 Ipsa
418 876 449 931 ad
463 878 599 948 perniciem
613 878 729 949 Poppaae
745 878 857 943 festinat,
877 877 1009 933 subditis5

198 956 242 1027 qui
262 960 360 1010 terrore
381 956 488 1010 carceris
508 954 539 1009 ad
558 956 726 1010 voluntariam
741 959 850 1009 mortem
865 954 986 1026 propelle·

198 1039 262 1101 rent,
277 1034 339 1088 adeo
351 1035 439 1105 ignaro
454 1034 598 1102 (laeserant
610 1052 704 1105 paucos
713 1037 771 1105 post
781 1033 834 1088 dim
843 1033 987 1105 epulantem

198 1112 265 1183 apud
278 1130 305 1166 se
318 1114 438 1165 maritum
450 1112 505 1183 ejus
519 1112 661 1183 Scipionem
672 1116 864 1182 percontaretur
875 1130 921 1166 cur
932 1112 987 1166 sine

197 1208 277 1244 uxore
300 1188 478 1253 discubuisset,
498 1192 574 1259 atque
591 1189 633 1243 ille
652 1189 765 1243 functam
782 1190 836 1243 fato
853 1189 988 1260 responde-

197 1270 245 1320 ret.
283 1264 334 1319 Sed
353 1266 506 1320 consultanti
525 1284 600 1337 super
622 1266 778 1320 absolutione
790 1267 905 1331 Asiatici,
921 1267 1013 1325 flens3

134 1364 135 1375 ¹
197 1342 327 1408 Vitellius,
343 1346 544 1397 commemorata
560 1346 689 1397 vetustate
707 1343 823 1397 amicitiae
838 1348 918 1414 utque
935 1347 988 1398 An-
1043 1375 1046 1379 ·

198 1419 295 1473 toniam
316 1419 436 1490 principis
457 1422 564 1474 matrem
583 1420 679 1490 pariter
698 1419 907 1485 observavissent,
929 1420 988 1475 dein

198 1496 326 1567 percursis
345 1496 454 1551 Asiatici
472 1496 500 1551 in
521 1515 574 1550 rcrn
595 1496 721 1567 publicam
739 1496 826 1550 officiis
842 1497 988 1568 recentique

199 1574 320 1629 adversus
344 1573 502 1627 Britanniam
523 1573 620 1638 militia,
639 1591 744 1644 quaeque
763 1572 811 1627 alia
827 1573 988 1629 concilianda

198 1650 375 1705 misericordia
394 1650 552 1715 videbantur,
572 1650 680 1705 liberum
700 1650 789 1704 mortis
811 1650 943 1705 arbitrium
963 1650 990 1705 ei

198 1728 329 1799 permisit;
348 1731 374 1783 et
387 1731 475 1783 secuta
492 1732 552 1782 sunt
569 1727 669 1783 Claudii
682 1728 759 1783 verba
774 1727 801 1782 in
819 1728 923 1784 eandem
941 1728 989 1784 cle·

198 1806 326 1862 mantiam.
363 1805 534 1860 Hortantibus
555 1805 646 1860 dehinc
664 1805 814 1875 quibusdam
834 1806 943 1861 inediam
962 1812 1012 1865 et2

198 1882 282 1937 lenem
299 1881 403 1947 exitum,
422 1883 552 1938 remittere
572 1883 722 1938 beneficium
742 1883 871 1938 Asiaticus
892 1885 943 1950 ait;
961 1888 989 1938 et

198 1959 328 2030 usurpatis
345 1959 436 2030 quibus
452 1959 596 2014 insueverat
610 1960 840 2026 exercitationibus,
853 1961 924 2015 lauto
936 1979 989 2015 cor-

198 2055 268 2107 pore,
280 2036 359 2090 lrilare
369 2036 493 2106 epulatus,
507 2055 565 2091 curn
574 2055 601 2091 se
611 2037 742 2092 honestius
752 2036 888 2092 calliditate
895 2038 990 2093 Tiberii

197 2113 239 2168 rel
254 2114 353 2184 impetu
369 2113 398 2167 Ο.
413 2113 519 2168 (laseris
538 2114 681 2184 periturum
701 2114 807 2169 dixisset
831 2133 906 2184 quam
922 2115 990 2185 quod

197 2189 289 2244 fraude
304 2189 421 2244 muliebri
433 2194 458 2244 et
470 2190 596 2261 impudico
612 2191 711 2246 Vitellii
725 2209 769 2246 cre
785 2191 893 2256 caderet,
912 2211 989 2248 venas

197 2267 311 2332 exolvit;
330 2267 385 2321 riso
402 2270 556 2322 temerante
568 2285 637 2338 roge,
650 2268 771 2338 jussoque
787 2268 919 2322 transferri
934 2288 990 2340 par·

196 2349 250 2400 tem
260 2344 289 2398 in
298 2343 378 2409 aliam
388 2363 421 2398 ne
432 2345 543 2415 opacitas
556 2343 674 2399 arborum
685 2363 778 2414 vapore
788 2344 855 2415 ignis
867 2347 990 2402 minuere·

196 2427 249 2476 tur.
287 2421 398 2474 Tantum
410 2421 447 2476 illi
459 2421 602 2476 securitatis
614 2422 756 2476 novissima
769 2421 826 2476 tuit
857 2423 1016 2484 Vocantur4

195 2497 325 2570 posthaec
336 2501 428 2568 patres,
442 2499 575 2570 pergitque
594 2498 697 2553 Suillius
711 2498 802 2553 addere
818 2519 874 2555 reos
890 2502 989 2572 equites

195 2577 330 2632 Romanos
354 2575 472 2642 illustres,
498 2576 589 2646 quibus
613 2576 692 2630 Petra
714 2583 916 2647 cognomentum.
952 2582 1015 2634 Ata

195 2671 275 2708 causa
287 2651 357 2706 necis
368 2671 399 2706 ex
411 2671 441 2708 eo
454 2653 521 2724 quod
533 2653 635 2707 domum
647 2672 719 2707 suam
730 2655 868 2709 Mnesteris
880 2661 907 2710 et
924 2656 989 2726 Pop·

134 2737 136 2746 ”
195 2749 259 2802 paeae
269 2728 447 2800 congressibus
455 2730 628 2800 praebuissent.
653 2731 748 2785 Verum
758 2735 888 2786 nocturnae
898 2733 1014 2802 quietist

198 2807 298 2880 species
311 2807 384 2860 alteri
396 2807 503 2878 objecta,
513 2812 633 2879 tanquam
645 2808 749 2863 vidisset
762 2809 895 2863 Claudium
907 2810 991 2879 spicea

198 2903 295 2940 corona
311 2883 447 2948 evinctum,
464 2885 539 2955 spicis
556 2891 625 2940 retro
642 2886 777 2954 conversis,
789 2904 868 2956 eaque
881 2886 990 2955 imagine

197 2961 355 3035 gravitatem
367 2978 472 3016 annona
484 2961 596 3016 dixisset.
634 2962 741 3028 Quidam
753 2962 910 3033 pampineam
921 2973 1015 3020 coroa
