2550 3500
205 424 212 430 ”
275 447 292 494 s
604 443 722 492 111111
1141 478 1143 501 ,

901 512 937 560 [s.
946 510 972 548 1.
980 510 1003 548 1.
1013 508 1056 549 ror.

250 570 371 624 ationem
394 574 421 623 et
444 574 553 624 secretas
573 569 704 622 lubidines
729 569 894 622 meditatum.
929 567 1059 619 Accedere

272 652 383 699 matrem
394 647 515 699 muliebri
523 647 692 715 impotentia:
704 645 868 698 serviendum
879 645 984 697 feminee
996 645 1060 695 duo-

273 722 376 791 busque
392 724 498 792 insuper
513 723 726 789 adolescentibus,
739 723 785 790 qui
796 739 851 774 rem
866 721 1002 790 publicam
1018 721 1060 771 in·

273 799 352 852 terim
362 807 487 869 premant,
500 800 655 868 quandoque
667 799 824 851 distrahant.

250 875 267 933 5
309 882 415 936 Hsect
387 888 415 936 11
416 889 485 951 quet
474 884 538 936 talia
546 888 601 952 agit
581 883 708 936 tentibus
717 899 865 950 gravescere
877 881 996 935 valitudo
1005 881 1064 934 Au-

251 975 267 1020 2
273 964 364 1027 gusr
382 964 409 1012 et
421 961 528 1028 quidam
540 961 622 1013 scelus
635 960 724 1012 uxoris
736 958 926 1027 suspectabant.
958 958 1061 1026 Quippe

272 1053 361 1088 rumor
373 1035 511 1108 incesserat
511 1053 625 1106 ,paucos
636 1041 699 1089 ante
710 1052 811 1091 menses
822 1037 980 1103 Augustum,
993 1035 1060 1086 elec-

273 1111 308 1163 tis
324 1113 432 1164 consciis
449 1117 475 1165 et
487 1113 581 1166 comite
598 1130 652 1165 uno
670 1111 751 1165 Fabio
770 1111 895 1177 Maximo,
908 1111 1060 1164 Planasiam

273 1187 378 1233 vectum
389 1181 423 1234 ad
435 1182 572 1234 visendum
581 1182 740 1250 Agrippam
750 1181 849 1233 multas
860 1181 915 1233 illic
926 1181 1061 1248 utrimque

273 1255 393 1309 lacrimas
406 1262 432 1310 et
444 1257 520 1326 signa
535 1259 659 1325 caritatis,
673 1274 798 1326 spemque
809 1275 843 1309 ex
859 1275 889 1310 eo
905 1258 960 1309 fore
975 1263 1007 1308 ut
1014 1259 1060 1325 ju-

252 1334 347 1386 311111
359 1333 498 1402 penatibus
506 1335 549 1387 avi
556 1335 715 1388 redderetur.
740 1333 816 1398 Quod
825 1333 974 1385 Maximum
983 1333 1060 1386 uxori

251 1409 381 1464 4Marcise
398 1411 535 1478 aperuisse,
553 1411 626 1464 illam
644 1411 732 1463 Liviae.
768 1409 885 1462 Gnarum
900 1410 929 1462 id
946 1411 1060 1475 Caesam

273 1503 359 1555 neque
368 1487 452 1539 multo
465 1493 524 1555 post
533 1488 663 1540 exstincto
673 1487 798 1552 Maximo,
809 1486 931 1555 (dubium
942 1503 978 1539 an
988 1504 1060 1555 quss-

275 1563 325 1616 sita
345 1561 446 1631 morte)
465 1564 568 1616 auditos
588 1563 616 1615 in
636 1564 728 1616 funere
745 1565 801 1632 ejus
818 1563 927 1616 Marciae
944 1564 1059 1631 gemitus

253 1645 355 1694 tremet
366 1639 517 1707 incusantis,
530 1640 597 1708 quod
611 1654 690 1692 causa
700 1640 777 1692 exitii
787 1640 882 1692 marito
893 1640 992 1693 fuisset.
1011 1640 1061 1692 Ut-

275 1733 377 1786 cunque
390 1733 416 1771 se
432 1733 463 1771 ea
478 1733 518 1770 res
534 1716 634 1785 habuit,
646 1716 757 1769 vixdum
773 1716 905 1785 ingressus
921 1717 1060 1787 Illyricum

275 1792 393 1847 Tiberius
408 1794 523 1862 properis
538 1794 629 1847 matris
644 1793 741 1849 litteris
756 1794 874 1858 accitur:
892 1811 978 1863 neque
996 1796 1060 1848 satis

275 1876 435 1939 compertum
450 1875 497 1937 est,
509 1870 652 1939 spirantem
664 1870 750 1923 adhuc
763 1871 913 1939 Augustum
928 1871 999 1941 apud
1016 1890 1061 1923 ur=

252 1943 333 2003 6bem
348 1946 443 1999 Nolam
458 1963 492 1999 an
508 1948 656 2000 exanimem
671 1948 821 2016 reppererit.
857 1947 969 2000 Acribus
985 1965 1064 1999 nam-r

275 2040 325 2091 que
341 2023 465 2075 custodiis
480 2023 585 2076 domum
597 2030 624 2077 et
641 2024 697 2077 vias
713 2029 827 2093 sepserat
843 2024 918 2077 Liria
927 2041 935 2087 3
953 2024 1060 2092 laetique

274 2099 407 2152 interdum
418 2100 506 2151 nuntii
514 2100 699 2168 vulgabantur,
709 2100 790 2153 donec
802 2100 913 2167 provisis
924 2116 982 2168 quae
994 2106 1061 2153 tens-

274 2192 324 2245 pus
344 2174 474 2237 monebat,
495 2176 572 2229 simul
592 2176 731 2230 excessisse
751 2175 903 2245 Augustum
922 2183 950 2229 et
972 2192 1060 2229 rerum

275 2252 354 2321 potiri
367 2252 494 2308 Neronem
506 2252 576 2305 fama
588 2253 680 2305 eadem
691 2253 762 2306 tulit.

250 2324 270 2383 6
321 2328 440 2381 Primum
462 2329 563 2381 facinus
591 2330 653 2381 novi
675 2330 840 2398 principatus
862 2328 916 2381 fuit
939 2328 1060 2383 Postumi

276 2406 399 2473 Agrippae
417 2404 517 2470 caedes;
535 2422 613 2473 quem
632 2406 754 2474 ignanun
771 2406 951 2474 inermumque
968 2421 1060 2473 quam-

252 2483 315 2536 2vis
331 2482 449 2534 firmatus
465 2482 553 2535 animo
569 2483 688 2535 centurio
703 2499 773 2550 segre
785 2482 905 2535 confecit.
939 2482 1014 2534 Nihil
1025 2482 1060 2535 de

274 2576 305 2612 ea
322 2576 350 2611 re
367 2558 486 2611 liberius
504 2558 575 2627 apud
593 2564 714 2611 senatum
731 2558 869 2612 disseruit:
886 2559 970 2627 patris
983 2561 1059 2627 jussa

274 2635 422 2701 simulabat,
434 2634 529 2703 quibus
545 2635 743 2704 praescripsisset
759 2634 865 2687 tribuno
877 2635 1001 2688 custodia
1013 2635 1059 2687 ad·

274 2712 365 2781 posito,
378 2728 411 2764 ne
423 2717 589 2765 cunctaretur
600 2711 745 2780 Agrippam
756 2718 839 2763 morte
851 2711 967 2778 adficere,
976 2727 1059 2780 quan-

275 2788 360 2857 doque
376 2788 431 2857 ipse
447 2804 597 2857 supremum
616 2788 687 2840 diem
702 2787 865 2856 explevisset.
900 2788 988 2841 Multa
1002 2789 1059 2843 sine

252 2865 355 2920 8dubio
378 2882 499 2934 saevaque
522 2866 658 2933 Augustus
682 2864 715 2916 de
740 2864 856 2918 moribus
886 2866 1058 2919 adolescentis

275 2946 389 3011 questus,
407 2948 439 2995 ut
456 2942 566 2995 exilium
583 2943 639 3009 ejus
657 2943 897 2995 senatusconsulto
915 2942 1060 2995 sanciretur

277 3018 434 3090 perfecerat:
452 3025 567 3074 ceterum
578 3018 605 3072 iu
615 3018 715 3071 nullius
727 3035 843 3088 unquam
851 3037 958 3074 suorum
968 3036 1058 3073 necem
