<?xml version="1.0" encoding="UTF-8"?>
<!DOCTYPE html PUBLIC "-//W3C//DTD XHTML 1.0 Transitional//EN"
    "http://www.w3.org/TR/xhtml1/DTD/xhtml1-transitional.dtd">
<html xmlns="http://www.w3.org/1999/xhtml" xml:lang="en" lang="en">
 <head>
  <title>
</title>
<meta http-equiv="Content-Type" content="text/html;charset=utf-8" />
  <meta name='ocr-system' content='tesseract 3.04.00' />
  <meta name='ocr-capabilities' content='ocr_page ocr_carea ocr_par ocr_line ocrx_word'/>
</head>
<body>
  <div class='ocr_page' id='page_1' title='image "./operaomniaadfid01tacigoog_0274.png"; bbox 0 0 2550 3500; ppageno 0'>
   <div class='ocr_carea' id='block_1_1' title="bbox 414 685 972 905">
    <p class='ocr_par' dir='ltr' id='par_1_1' title="bbox 414 685 972 905">
     <span class='ocr_line' id='line_1_1' title="bbox 414 685 972 751; baseline -0.014 0"><span class='ocrx_word' id='word_1_1' title='bbox 414 691 447 751; x_wconf 83' lang='lat' dir='ltr'><strong>O.</strong></span> <span class='ocrx_word' id='word_1_2' title='bbox 483 686 744 748; x_wconf 75' lang='lat' dir='ltr'>CORNELII</span> <span class='ocrx_word' id='word_1_3' title='bbox 785 685 972 746; x_wconf 76' lang='lat' dir='ltr'><strong>TAOITI</strong></span> 
     </span>
     <span class='ocr_line' id='line_1_2' title="bbox 444 849 936 905; baseline -0.006 0"><span class='ocrx_word' id='word_1_4' title='bbox 444 853 491 905; x_wconf 88' lang='lat' dir='ltr'><strong>AB</strong></span> <span class='ocrx_word' id='word_1_5' title='bbox 510 850 664 905; x_wconf 75' lang='lat' dir='ltr'><strong>Excusso</strong></span> <span class='ocrx_word' id='word_1_6' title='bbox 680 850 762 903; x_wconf 89' lang='lat' dir='ltr'>DIVI</span> <span class='ocrx_word' id='word_1_7' title='bbox 781 849 936 904; x_wconf 77' lang='lat' dir='ltr'><strong>AUGUSTI</strong></span> 
     </span>
    </p>
   </div>
   <div class='ocr_carea' id='block_1_2' title="bbox 312 977 1140 1091">
    <p class='ocr_par' dir='ltr' id='par_1_2' title="bbox 312 977 1140 1091">
     <span class='ocr_line' id='line_1_3' title="bbox 312 977 1140 1091; baseline -0.007 0"><span class='ocrx_word' id='word_1_8' title='bbox 312 977 1140 1091; x_wconf 64' lang='lat' dir='ltr'><strong>ANNALIUMV</strong></span> 
     </span>
    </p>
   </div>
   <div class='ocr_carea' id='block_1_3' title="bbox 457 1160 916 1217">
    <p class='ocr_par' dir='ltr' id='par_1_3' title="bbox 457 1160 916 1217">
     <span class='ocr_line' id='line_1_4' title="bbox 457 1160 916 1217; baseline -0.002 0"><span class='ocrx_word' id='word_1_9' title='bbox 457 1162 565 1217; x_wconf 79' lang='lat' dir='ltr'>LIBER</span> <span class='ocrx_word' id='word_1_10' title='bbox 582 1160 732 1215; x_wconf 71' lang='lat' dir='ltr'>TERTIUS</span> <span class='ocrx_word' id='word_1_11' title='bbox 749 1160 916 1217; x_wconf 74' lang='lat' dir='ltr'>DECIMUS,</span> 
     </span>
    </p>
   </div>
   <div class='ocr_carea' id='block_1_4' title="bbox 273 1428 1092 3045">
    <p class='ocr_par' dir='ltr' id='par_1_4' title="bbox 273 1428 1091 1726">
     <span class='ocr_line' id='line_1_5' title="bbox 273 1428 1089 1500; baseline -0.004 -14"><span class='ocrx_word' id='word_1_12' title='bbox 273 1441 287 1495; x_wconf 86' lang='lat'>1</span> <span class='ocrx_word' id='word_1_13' title='bbox 332 1431 427 1486; x_wconf 80' lang='lat' dir='ltr'><strong>Pruna</strong></span> <span class='ocrx_word' id='word_1_14' title='bbox 437 1448 503 1485; x_wconf 84' lang='lat' dir='ltr'><strong>novo</strong></span> <span class='ocrx_word' id='word_1_15' title='bbox 516 1428 659 1500; x_wconf 90' lang='lat' dir='ltr'><strong>principatu</strong></span> <span class='ocrx_word' id='word_1_16' title='bbox 669 1448 738 1484; x_wconf 91' lang='lat' dir='ltr'><strong>mors</strong></span> <span class='ocrx_word' id='word_1_17' title='bbox 755 1430 773 1483; x_wconf 91' lang='lat' dir='ltr'><strong>J</strong></span> <span class='ocrx_word' id='word_1_18' title='bbox 773 1429 827 1484; x_wconf 89' lang='lat' dir='ltr'><strong>unii</strong></span> <span class='ocrx_word' id='word_1_19' title='bbox 839 1428 918 1483; x_wconf 86' lang='lat' dir='ltr'><strong>Silani</strong></span> <span class='ocrx_word' id='word_1_20' title='bbox 929 1428 1089 1499; x_wconf 78' lang='lat' dir='ltr'>proconsulis</span> 
     </span>
     <span class='ocr_line' id='line_1_6' title="bbox 297 1506 1091 1579; baseline -0.005 -15"><span class='ocrx_word' id='word_1_21' title='bbox 297 1509 374 1574; x_wconf 74' lang='lat' dir='ltr'><strong>Asia,</strong></span> <span class='ocrx_word' id='word_1_22' title='bbox 393 1509 480 1579; x_wconf 85' lang='lat' dir='ltr'><strong>ignaro</strong></span> <span class='ocrx_word' id='word_1_23' title='bbox 499 1506 609 1571; x_wconf 86' lang='lat' dir='ltr'><strong>Nerone,</strong></span> <span class='ocrx_word' id='word_1_24' title='bbox 628 1524 673 1577; x_wconf 90' lang='lat' dir='ltr'><strong>per</strong></span> <span class='ocrx_word' id='word_1_25' title='bbox 697 1506 781 1561; x_wconf 83' lang='lat' dir='ltr'><strong>dolum</strong></span> <span class='ocrx_word' id='word_1_26' title='bbox 806 1506 952 1577; x_wconf 79' lang='lat' dir='ltr'><strong>Agrippina</strong></span> <span class='ocrx_word' id='word_1_27' title='bbox 976 1511 1091 1577; x_wconf 86' lang='lat' dir='ltr'><strong>paratur,</strong></span> 
     </span>
     <span class='ocr_line' id='line_1_7' title="bbox 297 1583 1090 1657; baseline -0.005 -16"><span class='ocrx_word' id='word_1_28' title='bbox 297 1586 426 1657; x_wconf 85' lang='lat' dir='ltr'><strong>nunquia</strong></span> <span class='ocrx_word' id='word_1_29' title='bbox 444 1584 539 1657; x_wconf 80' lang='lat' dir='ltr'><strong>ingenii</strong></span> <span class='ocrx_word' id='word_1_30' title='bbox 557 1583 677 1639; x_wconf 83' lang='lat' dir='ltr'><strong>violentia</strong></span> <span class='ocrx_word' id='word_1_31' title='bbox 694 1584 801 1638; x_wconf 83' lang='lat' dir='ltr'><strong>exitium</strong></span> <span class='ocrx_word' id='word_1_32' title='bbox 818 1584 979 1649; x_wconf 57' lang='lat' dir='ltr'><strong>namtarum</strong></span> <span class='ocrx_word' id='word_1_33' title='bbox 1004 1585 1090 1654; x_wconf 86' lang='lat' dir='ltr'><strong>segnis</strong></span> 
     </span>
     <span class='ocr_line' id='line_1_8' title="bbox 299 1660 1091 1726; baseline -0.004 -8"><span class='ocrx_word' id='word_1_34' title='bbox 299 1670 325 1717; x_wconf 85' lang='lat' dir='ltr'><strong>et</strong></span> <span class='ocrx_word' id='word_1_35' title='bbox 349 1661 559 1717; x_wconf 78' lang='lat' dir='ltr'><strong>dominationibus</strong></span> <span class='ocrx_word' id='word_1_36' title='bbox 584 1660 638 1715; x_wconf 82' lang='lat' dir='ltr'><strong>aliis</strong></span> <span class='ocrx_word' id='word_1_37' title='bbox 662 1660 800 1726; x_wconf 84' lang='lat' dir='ltr'><strong>fastiditus,</strong></span> <span class='ocrx_word' id='word_1_38' title='bbox 825 1660 888 1715; x_wconf 86' lang='lat' dir='ltr'><strong>adeo</strong></span> <span class='ocrx_word' id='word_1_39' title='bbox 911 1664 943 1715; x_wconf 90' lang='lat' dir='ltr'><strong>ut</strong></span> <span class='ocrx_word' id='word_1_40' title='bbox 960 1661 991 1717; x_wconf 83' lang='grc' dir='ltr'><strong>Ο.</strong></span> <span class='ocrx_word' id='word_1_41' title='bbox 1005 1662 1091 1715; x_wconf 85' lang='lat' dir='ltr'><strong>Caesar</strong></span> 
     </span>
    </p>

    <p class='ocr_par' dir='ltr' id='par_1_5' title="bbox 275 1737 1092 2198">
     <span class='ocr_line' id='line_1_9' title="bbox 275 1737 1089 1812; baseline -0.006 -13"><span class='ocrx_word' id='word_1_42' title='bbox 275 1739 421 1812; x_wconf 64' lang='lat' dir='ltr'><strong>apecudem</strong></span> <span class='ocrx_word' id='word_1_43' title='bbox 441 1757 542 1794; x_wconf 81' lang='lat' dir='ltr'><strong>auream</strong></span> <span class='ocrx_word' id='word_1_44' title='bbox 565 1757 623 1792; x_wconf 89' lang='lat' dir='ltr'><strong>eum</strong></span> <span class='ocrx_word' id='word_1_45' title='bbox 647 1738 772 1808; x_wconf 85' lang='lat' dir='ltr'><strong>appellare</strong></span> <span class='ocrx_word' id='word_1_46' title='bbox 795 1737 886 1793; x_wconf 85' lang='lat' dir='ltr'><strong>solitus</strong></span> <span class='ocrx_word' id='word_1_47' title='bbox 910 1738 953 1793; x_wconf 93' lang='lat' dir='ltr'><strong>sit.</strong></span> <span class='ocrx_word' id='word_1_48' title='bbox 989 1738 1089 1794; x_wconf 88' lang='lat' dir='ltr'><strong>Verum</strong></span> 
     </span>
     <span class='ocr_line' id='line_1_10' title="bbox 299 1815 1091 1889; baseline 0 -19"><span class='ocrx_word' id='word_1_49' title='bbox 299 1817 440 1889; x_wconf 82' lang='lat' dir='ltr'><strong>Agrippina</strong></span> <span class='ocrx_word' id='word_1_50' title='bbox 457 1815 531 1870; x_wconf 85' lang='lat' dir='ltr'><strong>fratri</strong></span> <span class='ocrx_word' id='word_1_51' title='bbox 548 1815 603 1886; x_wconf 85' lang='lat' dir='ltr'><strong>ejus</strong></span> <span class='ocrx_word' id='word_1_52' title='bbox 620 1815 653 1870; x_wconf 86' lang='lat' dir='ltr'><strong>L.</strong></span> <span class='ocrx_word' id='word_1_53' title='bbox 667 1816 753 1870; x_wconf 81' lang='lat' dir='ltr'><strong>Silano</strong></span> <span class='ocrx_word' id='word_1_54' title='bbox 771 1835 859 1871; x_wconf 80' lang='lat' dir='ltr'><strong>necem</strong></span> <span class='ocrx_word' id='word_1_55' title='bbox 876 1815 965 1870; x_wconf 85' lang='lat' dir='ltr'><strong>molita</strong></span> <span class='ocrx_word' id='word_1_56' title='bbox 981 1815 1091 1870; x_wconf 90' lang='lat' dir='ltr'><strong>ultorem</strong></span> 
     </span>
     <span class='ocr_line' id='line_1_11' title="bbox 299 1891 1091 1964; baseline -0.003 -16"><span class='ocrx_word' id='word_1_57' title='bbox 299 1893 436 1958; x_wconf 78' lang='lat' dir='ltr'><strong>metuebat,</strong></span> <span class='ocrx_word' id='word_1_58' title='bbox 450 1892 538 1948; x_wconf 82' lang='lat' dir='ltr'><strong>crebra</strong></span> <span class='ocrx_word' id='word_1_59' title='bbox 548 1891 619 1962; x_wconf 83' lang='lat' dir='ltr'><strong>vulgi</strong></span> <span class='ocrx_word' id='word_1_60' title='bbox 627 1891 695 1947; x_wconf 85' lang='lat' dir='ltr'><strong>fama</strong></span> <span class='ocrx_word' id='word_1_61' title='bbox 704 1892 908 1964; x_wconf 87' lang='lat' dir='ltr'><strong>anteponendum</strong></span> <span class='ocrx_word' id='word_1_62' title='bbox 917 1911 973 1947; x_wconf 87' lang='lat' dir='ltr'><strong>esse</strong></span> <span class='ocrx_word' id='word_1_63' title='bbox 984 1895 1091 1948; x_wconf 81' lang='lat' dir='ltr'><strong>vixdum</strong></span> 
     </span>
     <span class='ocr_line' id='line_1_12' title="bbox 300 1968 1091 2042; baseline 0 -17"><span class='ocrx_word' id='word_1_64' title='bbox 300 1971 434 2042; x_wconf 88' lang='lat' dir='ltr'><strong>pueritiam</strong></span> <span class='ocrx_word' id='word_1_65' title='bbox 446 1987 547 2042; x_wconf 87' lang='lat' dir='ltr'><strong>egresso</strong></span> <span class='ocrx_word' id='word_1_66' title='bbox 560 1968 659 2023; x_wconf 85' lang='lat' dir='ltr'><strong>Neroni</strong></span> <span class='ocrx_word' id='word_1_67' title='bbox 666 1974 693 2024; x_wconf 88' lang='lat' dir='ltr'><strong>et</strong></span> <span class='ocrx_word' id='word_1_68' title='bbox 704 1971 838 2042; x_wconf 87' lang='lat' dir='ltr'><strong>imperium</strong></span> <span class='ocrx_word' id='word_1_69' title='bbox 847 1989 893 2041; x_wconf 88' lang='lat' dir='ltr'><strong>per</strong></span> <span class='ocrx_word' id='word_1_70' title='bbox 904 1971 987 2025; x_wconf 88' lang='lat' dir='ltr'><strong>scelus</strong></span> <span class='ocrx_word' id='word_1_71' title='bbox 999 1971 1091 2042; x_wconf 83' lang='lat' dir='ltr'><strong>adepto</strong></span> 
     </span>
     <span class='ocr_line' id='line_1_13' title="bbox 301 2046 1092 2119; baseline 0.001 -17"><span class='ocrx_word' id='word_1_72' title='bbox 301 2049 384 2104; x_wconf 85' lang='lat' dir='ltr'><strong>virum</strong></span> <span class='ocrx_word' id='word_1_73' title='bbox 395 2051 470 2103; x_wconf 83' lang='lat' dir='ltr'><strong>aetate</strong></span> <span class='ocrx_word' id='word_1_74' title='bbox 482 2046 628 2117; x_wconf 87' lang='lat' dir='ltr'><strong>composita,</strong></span> <span class='ocrx_word' id='word_1_75' title='bbox 638 2047 773 2113; x_wconf 81' lang='lat' dir='ltr'><strong>insontem,</strong></span> <span class='ocrx_word' id='word_1_76' title='bbox 783 2048 893 2103; x_wconf 90' lang='lat' dir='ltr'><strong>nobilem</strong></span> <span class='ocrx_word' id='word_1_77' title='bbox 905 2052 938 2114; x_wconf 89' lang='lat' dir='ltr'><strong>et,</strong></span> <span class='ocrx_word' id='word_1_78' title='bbox 952 2048 1022 2119; x_wconf 89' lang='lat' dir='ltr'><strong>quod</strong></span> <span class='ocrx_word' id='word_1_79' title='bbox 1030 2054 1092 2103; x_wconf 85' lang='lat' dir='ltr'><strong>tunc</strong></span> 
     </span>
     <span class='ocr_line' id='line_1_14' title="bbox 302 2125 1092 2198; baseline -0.004 -16"><span class='ocrx_word' id='word_1_80' title='bbox 302 2130 466 2198; x_wconf 79' lang='lat' dir='ltr'><strong>spectaretur,</strong></span> <span class='ocrx_word' id='word_1_81' title='bbox 485 2143 499 2180; x_wconf 90' lang='lat' dir='ltr'><strong>e</strong></span> <span class='ocrx_word' id='word_1_82' title='bbox 517 2125 646 2178; x_wconf 85' lang='lat' dir='ltr'><strong>Caesarum</strong></span> <span class='ocrx_word' id='word_1_83' title='bbox 670 2126 796 2195; x_wconf 89' lang='lat' dir='ltr'><strong>posteris:</strong></span> <span class='ocrx_word' id='word_1_84' title='bbox 824 2125 917 2196; x_wconf 87' lang='lat' dir='ltr'><strong>quippe</strong></span> <span class='ocrx_word' id='word_1_85' title='bbox 940 2131 967 2180; x_wconf 86' lang='lat' dir='ltr'><strong>et</strong></span> <span class='ocrx_word' id='word_1_86' title='bbox 992 2125 1092 2180; x_wconf 82' lang='lat' dir='ltr'><strong>Silanus</strong></span> 
     </span>
    </p>

    <p class='ocr_par' dir='ltr' id='par_1_6' title="bbox 278 2201 1092 2351">
     <span class='ocr_line' id='line_1_15' title="bbox 278 2201 1091 2276; baseline -0.001 -18"><span class='ocrx_word' id='word_1_87' title='bbox 278 2204 354 2259; x_wconf 70' lang='lat' dir='ltr'><strong>adivi</strong></span> <span class='ocrx_word' id='word_1_88' title='bbox 366 2202 477 2276; x_wconf 82' lang='lat' dir='ltr'><strong>Augusti</strong></span> <span class='ocrx_word' id='word_1_89' title='bbox 489 2201 599 2273; x_wconf 79' lang='lat' dir='ltr'><strong>abnepos</strong></span> <span class='ocrx_word' id='word_1_90' title='bbox 612 2204 674 2256; x_wconf 85' lang='lat' dir='ltr'><strong>erat.</strong></span> <span class='ocrx_word' id='word_1_91' title='bbox 705 2202 770 2257; x_wconf 83' lang='lat' dir='ltr'><strong>Haeo</strong></span> <span class='ocrx_word' id='word_1_92' title='bbox 782 2220 858 2257; x_wconf 87' lang='lat' dir='ltr'><strong>causa</strong></span> <span class='ocrx_word' id='word_1_93' title='bbox 870 2203 946 2257; x_wconf 88' lang='lat' dir='ltr'><strong>necis.</strong></span> <span class='ocrx_word' id='word_1_94' title='bbox 976 2202 1091 2257; x_wconf 86' lang='lat' dir='ltr'><strong>Ministri</strong></span> 
     </span>
     <span class='ocr_line' id='line_1_16' title="bbox 302 2279 1092 2351; baseline 0.001 -16"><span class='ocrx_word' id='word_1_95' title='bbox 302 2282 373 2336; x_wconf 85' lang='lat' dir='ltr'><strong>fuere</strong></span> <span class='ocrx_word' id='word_1_96' title='bbox 391 2283 420 2336; x_wconf 93' lang='lat' dir='ltr'><strong>P.</strong></span> <span class='ocrx_word' id='word_1_97' title='bbox 434 2281 508 2336; x_wconf 84' lang='lat' dir='ltr'><strong>Celer</strong></span> <span class='ocrx_word' id='word_1_98' title='bbox 525 2297 602 2351; x_wconf 84' lang='lat' dir='ltr'><strong>eques</strong></span> <span class='ocrx_word' id='word_1_99' title='bbox 621 2279 753 2334; x_wconf 76' lang='lat' dir='ltr'><strong>Bumanm</strong></span> <span class='ocrx_word' id='word_1_100' title='bbox 769 2284 797 2334; x_wconf 90' lang='lat' dir='ltr'><strong>et</strong></span> <span class='ocrx_word' id='word_1_101' title='bbox 814 2279 907 2334; x_wconf 87' lang='lat' dir='ltr'><strong>Helius</strong></span> <span class='ocrx_word' id='word_1_102' title='bbox 923 2279 1039 2345; x_wconf 82' lang='lat' dir='ltr'><strong>libertus,</strong></span> <span class='ocrx_word' id='word_1_103' title='bbox 1056 2280 1092 2336; x_wconf 90' lang='lat' dir='ltr'><strong>rei</strong></span> 
     </span>
    </p>

    <p class='ocr_par' dir='ltr' id='par_1_7' title="bbox 279 2357 1092 2816">
     <span class='ocr_line' id='line_1_17' title="bbox 279 2357 1092 2430; baseline 0 -18"><span class='ocrx_word' id='word_1_104' title='bbox 279 2358 419 2413; x_wconf 71' lang='lat' dir='ltr'><strong>Afamiliari</strong></span> <span class='ocrx_word' id='word_1_105' title='bbox 437 2358 557 2430; x_wconf 89' lang='lat' dir='ltr'><strong>principis</strong></span> <span class='ocrx_word' id='word_1_106' title='bbox 578 2357 606 2411; x_wconf 92' lang='lat' dir='ltr'><strong>in</strong></span> <span class='ocrx_word' id='word_1_107' title='bbox 631 2357 694 2411; x_wconf 88' lang='lat' dir='ltr'><strong>Asia</strong></span> <span class='ocrx_word' id='word_1_108' title='bbox 715 2357 834 2428; x_wconf 84' lang='lat' dir='ltr'><strong>impositi.</strong></span> <span class='ocrx_word' id='word_1_109' title='bbox 870 2357 912 2412; x_wconf 89' lang='lat' dir='ltr'><strong>Ab</strong></span> <span class='ocrx_word' id='word_1_110' title='bbox 926 2357 969 2411; x_wconf 88' lang='lat' dir='ltr'><strong>bis</strong></span> <span class='ocrx_word' id='word_1_111' title='bbox 983 2357 1092 2428; x_wconf 79' lang='lat' dir='ltr'><strong>‘procon-</strong></span> 
     </span>
     <span class='ocr_line' id='line_1_18' title="bbox 304 2434 1092 2507; baseline 0 -17"><span class='ocrx_word' id='word_1_112' title='bbox 304 2435 353 2491; x_wconf 87' lang='lat' dir='ltr'><strong>suli</strong></span> <span class='ocrx_word' id='word_1_113' title='bbox 371 2454 496 2491; x_wconf 86' lang='lat' dir='ltr'><strong>venenum</strong></span> <span class='ocrx_word' id='word_1_114' title='bbox 518 2436 586 2490; x_wconf 87' lang='lat' dir='ltr'><strong>inter</strong></span> <span class='ocrx_word' id='word_1_115' title='bbox 607 2434 694 2505; x_wconf 82' lang='lat' dir='ltr'><strong>epulas</strong></span> <span class='ocrx_word' id='word_1_116' title='bbox 718 2434 807 2489; x_wconf 87' lang='lat' dir='ltr'><strong>datum</strong></span> <span class='ocrx_word' id='word_1_117' title='bbox 825 2440 865 2490; x_wconf 78' lang='lat' dir='ltr'><strong>est</strong></span> <span class='ocrx_word' id='word_1_118' title='bbox 883 2435 996 2506; x_wconf 81' lang='lat' dir='ltr'><strong>apertius</strong></span> <span class='ocrx_word' id='word_1_119' title='bbox 1017 2455 1092 2507; x_wconf 88' lang='lat' dir='ltr'><strong>quam</strong></span> 
     </span>
     <span class='ocr_line' id='line_1_19' title="bbox 303 2512 1092 2584; baseline 0.001 -16"><span class='ocrx_word' id='word_1_120' title='bbox 303 2517 334 2568; x_wconf 87' lang='lat' dir='ltr'><strong>ut</strong></span> <span class='ocrx_word' id='word_1_121' title='bbox 345 2513 468 2568; x_wconf 86' lang='lat' dir='ltr'><strong>fallerent.</strong></span> <span class='ocrx_word' id='word_1_122' title='bbox 504 2514 561 2568; x_wconf 88' lang='lat' dir='ltr'><strong>Nec</strong></span> <span class='ocrx_word' id='word_1_123' title='bbox 578 2512 663 2567; x_wconf 88' lang='lat' dir='ltr'><strong>minus</strong></span> <span class='ocrx_word' id='word_1_124' title='bbox 680 2518 815 2584; x_wconf 86' lang='lat' dir='ltr'><strong>properato</strong></span> <span class='ocrx_word' id='word_1_125' title='bbox 838 2515 975 2568; x_wconf 82' lang='lat' dir='ltr'><strong>Narcissus</strong></span> <span class='ocrx_word' id='word_1_126' title='bbox 994 2513 1092 2570; x_wconf 83' lang='lat' dir='ltr'><strong>Claudii</strong></span> 
     </span>
     <span class='ocr_line' id='line_1_20' title="bbox 303 2589 1091 2662; baseline 0 -16"><span class='ocrx_word' id='word_1_127' title='bbox 303 2591 417 2656; x_wconf 87' lang='lat' dir='ltr'><strong>libertus,</strong></span> <span class='ocrx_word' id='word_1_128' title='bbox 431 2590 462 2645; x_wconf 89' lang='lat' dir='ltr'><strong>de</strong></span> <span class='ocrx_word' id='word_1_129' title='bbox 479 2591 551 2661; x_wconf 88' lang='lat' dir='ltr'><strong>eujus</strong></span> <span class='ocrx_word' id='word_1_130' title='bbox 567 2590 660 2660; x_wconf 75' lang='lat' dir='ltr'><strong>jurgiis</strong></span> <span class='ocrx_word' id='word_1_131' title='bbox 678 2589 798 2646; x_wconf 77' lang='lat' dir='ltr'><strong>adversm</strong></span> <span class='ocrx_word' id='word_1_132' title='bbox 810 2591 977 2662; x_wconf 85' lang='lat' dir='ltr'><strong>Agrippinam</strong></span> <span class='ocrx_word' id='word_1_133' title='bbox 995 2592 1091 2657; x_wconf 87' lang='lat' dir='ltr'><strong>rettuli,</strong></span> 
     </span>
     <span class='ocr_line' id='line_1_21' title="bbox 305 2666 1091 2740; baseline 0 -17"><span class='ocrx_word' id='word_1_134' title='bbox 305 2686 393 2738; x_wconf 86' lang='lat' dir='ltr'><strong>aspera</strong></span> <span class='ocrx_word' id='word_1_135' title='bbox 404 2666 552 2722; x_wconf 88' lang='lat' dir='ltr'><strong>custodiaet</strong></span> <span class='ocrx_word' id='word_1_136' title='bbox 561 2666 712 2721; x_wconf 85' lang='lat' dir='ltr'><strong>necessitate</strong></span> <span class='ocrx_word' id='word_1_137' title='bbox 721 2674 833 2722; x_wconf 85' lang='lat' dir='ltr'><strong>extrema</strong></span> <span class='ocrx_word' id='word_1_138' title='bbox 842 2668 874 2722; x_wconf 88' lang='lat' dir='ltr'><strong>ad</strong></span> <span class='ocrx_word' id='word_1_139' title='bbox 882 2671 990 2722; x_wconf 86' lang='lat' dir='ltr'><strong>mortem</strong></span> <span class='ocrx_word' id='word_1_140' title='bbox 1000 2669 1091 2740; x_wconf 83' lang='lat' dir='ltr'><strong>agitur,</strong></span> 
     </span>
     <span class='ocr_line' id='line_1_22' title="bbox 305 2742 1092 2816; baseline 0.001 -17"><span class='ocrx_word' id='word_1_141' title='bbox 305 2745 384 2799; x_wconf 89' lang='lat' dir='ltr'><strong>invito</strong></span> <span class='ocrx_word' id='word_1_142' title='bbox 396 2743 515 2814; x_wconf 88' lang='lat' dir='ltr'><strong>principe,</strong></span> <span class='ocrx_word' id='word_1_143' title='bbox 529 2743 601 2813; x_wconf 85' lang='lat' dir='ltr'><strong>cujus</strong></span> <span class='ocrx_word' id='word_1_144' title='bbox 614 2742 707 2798; x_wconf 86' lang='lat' dir='ltr'><strong>abditis</strong></span> <span class='ocrx_word' id='word_1_145' title='bbox 718 2744 801 2800; x_wconf 86' lang='lat' dir='ltr'><strong>adhuc</strong></span> <span class='ocrx_word' id='word_1_146' title='bbox 813 2746 881 2800; x_wconf 86' lang='lat' dir='ltr'><strong>vitiis</strong></span> <span class='ocrx_word' id='word_1_147' title='bbox 899 2763 945 2816; x_wconf 87' lang='lat' dir='ltr'><strong>per</strong></span> <span class='ocrx_word' id='word_1_148' title='bbox 962 2746 1092 2800; x_wconf 82' lang='lat' dir='ltr'><strong>avaritiam</strong></span> 
     </span>
    </p>

    <p class='ocr_par' dir='ltr' id='par_1_8' title="bbox 279 2819 1090 2969">
     <span class='ocr_line' id='line_1_23' title="bbox 279 2819 1090 2892; baseline 0.001 -16"><span class='ocrx_word' id='word_1_149' title='bbox 279 2827 335 2880; x_wconf 78' lang='lat' dir='ltr'><strong>2ac</strong></span> <span class='ocrx_word' id='word_1_150' title='bbox 347 2820 530 2892; x_wconf 84' lang='lat' dir='ltr'><strong>prodigentiam</strong></span> <span class='ocrx_word' id='word_1_151' title='bbox 542 2819 605 2872; x_wconf 90' lang='lat' dir='ltr'><strong>mire</strong></span> <span class='ocrx_word' id='word_1_152' title='bbox 615 2821 779 2890; x_wconf 82' lang='lat' dir='ltr'><strong>congruebat.</strong></span> <span class='ocrx_word' id='word_1_153' title='bbox 815 2823 955 2892; x_wconf 88' lang='lat' dir='ltr'><strong>Ibaturque</strong></span> <span class='ocrx_word' id='word_1_154' title='bbox 963 2821 992 2875; x_wconf 90' lang='lat' dir='ltr'><strong>in</strong></span> <span class='ocrx_word' id='word_1_155' title='bbox 1003 2822 1090 2888; x_wconf 80' lang='lat' dir='ltr'><strong>cades,</strong></span> 
     </span>
     <span class='ocr_line' id='line_1_24' title="bbox 306 2897 1090 2969; baseline 0.001 -17"><span class='ocrx_word' id='word_1_156' title='bbox 306 2899 354 2952; x_wconf 83' lang='lat' dir='ltr'><strong>nisi</strong></span> <span class='ocrx_word' id='word_1_157' title='bbox 367 2897 486 2952; x_wconf 87' lang='lat' dir='ltr'><strong>Afranius</strong></span> <span class='ocrx_word' id='word_1_158' title='bbox 498 2897 596 2969; x_wconf 82' lang='lat' dir='ltr'><strong>Burrus</strong></span> <span class='ocrx_word' id='word_1_159' title='bbox 610 2899 636 2949; x_wconf 88' lang='lat' dir='ltr'><strong>et</strong></span> <span class='ocrx_word' id='word_1_160' title='bbox 652 2898 763 2952; x_wconf 80' lang='lat' dir='ltr'><strong>Annaeus</strong></span> <span class='ocrx_word' id='word_1_161' title='bbox 782 2900 878 2953; x_wconf 86' lang='lat' dir='ltr'><strong>Seneca</strong></span> <span class='ocrx_word' id='word_1_162' title='bbox 892 2898 991 2953; x_wconf 85' lang='lat' dir='ltr'><strong>obviam</strong></span> <span class='ocrx_word' id='word_1_163' title='bbox 1002 2905 1090 2954; x_wconf 75' lang='lat' dir='ltr'><strong>issent.</strong></span> 
     </span>
    </p>

    <p class='ocr_par' dir='ltr' id='par_1_9' title="bbox 282 2973 1090 3045">
     <span class='ocr_line' id='line_1_25' title="bbox 282 2973 1090 3045; baseline -0.001 -13"><span class='ocrx_word' id='word_1_164' title='bbox 282 2987 296 3033; x_wconf 84' lang='grc'><strong>2</strong></span> <span class='ocrx_word' id='word_1_165' title='bbox 306 2976 344 3030; x_wconf 90' lang='lat' dir='ltr'><strong>Hi</strong></span> <span class='ocrx_word' id='word_1_166' title='bbox 356 2979 465 3030; x_wconf 88' lang='lat' dir='ltr'><strong>rectores</strong></span> <span class='ocrx_word' id='word_1_167' title='bbox 477 2973 644 3044; x_wconf 78' lang='lat' dir='ltr'><strong>imperatoria</strong></span> <span class='ocrx_word' id='word_1_168' title='bbox 653 2974 774 3045; x_wconf 82' lang='lat' dir='ltr'><strong>juventa,</strong></span> <span class='ocrx_word' id='word_1_169' title='bbox 782 2980 808 3031; x_wconf 90' lang='lat' dir='ltr'><strong>et</strong></span> <span class='ocrx_word' id='word_1_170' title='bbox 821 2978 916 3044; x_wconf 87' lang='lat' dir='ltr'><strong>(rarum</strong></span> <span class='ocrx_word' id='word_1_171' title='bbox 930 2975 958 3030; x_wconf 89' lang='lat' dir='ltr'><strong>in</strong></span> <span class='ocrx_word' id='word_1_172' title='bbox 968 2974 1090 3032; x_wconf 62' lang='lat' dir='ltr'><strong>sumente</strong></span> 
     </span>
    </p>
   </div>
   <div class='ocr_carea' id='block_1_5' title="bbox 0 0 1285 3500">
    <p class='ocr_par' dir='ltr' id='par_1_10' title="bbox 0 0 1285 3500">
     <span class='ocr_line' id='line_1_26' title="bbox 0 0 1285 3500; baseline 0 0"><span class='ocrx_word' id='word_1_173' title='bbox 0 0 1285 3500; x_wconf 95' lang='lat' dir='ltr'><strong> </strong></span> 
     </span>
    </p>
   </div>
  </div>
 </body>
</html>
