2550 3500
199 417 226 455 A.
236 416 262 455 D.
272 414 313 467 58¹]
393 354 589 405 ANNALIUM
606 354 684 403 XIII.
701 355 804 405 at-st.
942 356 991 405 28!

200 468 329 522 cunctatio
353 464 530 539 interponitur.
579 466 630 523 Sed
653 469 757 538 accepto
780 465 852 521 aditu
879 467 990 539 Poppaa

199 548 309 618 primum
326 566 371 619 per
394 548 566 605 blandimenta
588 552 614 605 ct
632 553 700 604 artes
717 548 851 613 valescere,
868 547 989 619 imparem

199 624 312 696 cupidini
333 644 361 681 sc
381 630 408 681 et
426 626 508 681 forma
526 626 636 681 Neronis
657 629 758 697 captam
776 625 912 691 simulam
929 643 990 680 mox

199 702 253 757 acri
262 702 314 773 jam
326 703 446 775 principis
459 722 544 758 amore
556 703 589 758 ad
600 704 742 775 superbiam
756 707 865 768 vertens,
883 703 906 757 si
921 703 990 759 ultra

199 798 278 835 unam
297 780 452 851 alteramque
470 784 572 835 noctem
590 782 749 846 attineretur,
765 784 872 851 nuptam
890 798 946 835 esse
961 798 989 835 se

201 857 328 923 dictitans,
347 876 395 913 nec
413 876 487 929 posse
504 858 692 913 matrimonium
708 858 832 924 amittere,
848 856 989 913 devinctam

202 936 300 991 Othoni
310 954 356 1007 per
372 954 452 1007 genus
466 936 532 1001 vitae,
552 935 620 1006 quod
637 954 712 991 nemo
726 934 877 1007 adaquaret.
912 934 1014 990 Illam4

200 1014 284 1068 animo
308 1017 335 1068 ct
358 1013 431 1069 cultu
453 1013 628 1085 magnificum
655 1013 693 1068 rbi
715 1032 743 1068 se
766 1031 865 1068 summa
886 1012 989 1067 fortuna

200 1090 279 1163 digna
292 1091 381 1147 risere.
415 1092 452 1146 At
468 1091 606 1157 Neronem,
622 1092 712 1163 pellice
727 1090 817 1145 ancilla
833 1094 860 1145 et
875 1094 1012 1145 assuctut

200 1168 260 1223 dine
277 1170 356 1224 Actes
374 1168 526 1235 devinctum,
544 1170 608 1225 nihil
625 1188 639 1224 e
657 1167 823 1225 contubernio
840 1167 924 1223 seruili
939 1167 990 1222 uisi

200 1246 328 1317 abjectum
340 1251 367 1301 et
379 1246 508 1302 sordidum
523 1247 642 1301 traxisse.
677 1246 805 1316 Dejioitur
819 1244 1013 1299 familiaritatcd

201 1328 282 1390 sueta,
299 1328 358 1395 post
374 1342 511 1396 congressu
528 1328 556 1379 et
572 1324 697 1379 comitatu
712 1322 789 1387 Otho,
806 1321 877 1377 etad
892 1327 990 1392 postre-

200 1420 278 1467 mum,
291 1420 324 1457 nc
335 1401 362 1457 in
373 1401 436 1456 urbe
448 1400 580 1457 aemulatus
597 1406 692 1471 ageret,
705 1399 839 1470 provincia
850 1398 989 1453 Lusitania

200 1479 352 1550 praefinitum
373 1478 419 1534 ubi
438 1496 519 1550 usque
540 1477 573 1533 ad
593 1478 677 1533 civilia
696 1494 766 1531 arma
784 1494 836 1530 non
855 1494 888 1530 ex
907 1476 990 1546 priora

200 1556 305 1611 infamia
316 1556 361 1611 sed
372 1556 472 1627 integre
484 1560 620 1627 sancteque
632 1555 693 1625 egit,
707 1571 800 1625 procax
811 1552 857 1607 otii
868 1555 894 1607 et
906 1556 990 1623 potes·

200 1635 263 1689 tatis
274 1633 463 1705 temperantior.

235 1712 369 1769 Hactenus
382 1711 453 1767 Nero
465 1710 569 1782 tlagitus
581 1714 608 1766 ct
620 1708 759 1765 sceleribus
770 1706 911 1764 velamenta
922 1724 990 1778 qna·
998 1708 1035 1768 47

201 1790 269 1846 sivit.
306 1789 474 1862 Suspectabat
491 1789 599 1844 marimo
618 1788 764 1842 Cornelium
782 1785 883 1857 Syllam,
904 1803 989 1840 socors

200 1867 331 1938 ingenium
348 1869 402 1940 ejus
420 1867 448 1922 in
465 1866 619 1922 contrarium
637 1865 748 1930 trahens,
773 1862 939 1934 callidumque
963 1865 990 1918 et

202 1944 374 2000 simulatorem
392 1943 589 2016 interpretando.
627 1943 710 2002 Quem
724 1946 820 1996 metum
833 1940 944 2010 Graptus
959 1945 1014 1994 ext

201 2022 300 2077 libertis
313 2022 427 2089 Cassiis,
438 2041 489 2076 usu
500 2024 527 2076 ct
540 2027 642 2074 senecta
652 2019 753 2074 'liberio
765 2017 878 2087 abusque
890 2016 993 2070 domum

201 2093 346 2171 principum*
362 2099 474 2163 edoctus,
492 2097 538 2152 tali
555 2097 686 2152 mendacio
701 2094 826 2151 intendit:
844 2111 908 2163 pons
924 2091 991 2146 Mul·

201 2179 259 2234 vius
282 2176 310 2230 in
329 2194 359 2230 eo
376 2179 489 2246 tempore
507 2173 612 2229 celebris
629 2173 762 2228 nocturnis
780 2169 903 2224 illecebris
920 2172 990 2235 erat;

200 2252 394 2322 ventitabatque
405 2251 465 2306 illuc
479 2251 558 2319 Nero,
573 2268 622 2321 quo
637 2249 746 2303 solutius
760 2247 849 2302 urbem
861 2249 934 2299 extra
943 2245 991 2300 lus-

201 2333 300 2388 oivirct.
337 2329 422 2400 Igitur
438 2327 592 2399 regredienti
609 2345 656 2397 per
670 2326 738 2380 viam
755 2321 904 2378 Flaminiam
922 2332 1011 2378 com-t

201 2409 299 2482 positas
317 2405 428 2470 insidias,
445 2407 548 2476 fatoque
568 2404 684 2471 evitatas,
702 2401 821 2472 quoniam
839 2399 938 2455 diverso
950 2401 991 2454 iti-

200 2504 262 2542 nero
275 2483 440 2539 Sallustianos
449 2483 476 2536 in
484 2482 571 2537 hortos
580 2479 737 2544 remeaverit,
748 2482 927 2548 auctoremque
936 2477 991 2548 ejus

201 2563 253 2618 doli
266 2560 359 2633 Syllam
372 2559 526 2624 ementitur;
543 2558 603 2628 quia
614 2557 681 2612 forte
692 2554 857 2611 redeuntibus
869 2553 990 2609 ministris

201 2639 330 2713 principis,
350 2636 452 2709 quidam
469 2654 514 2707 per
530 2635 673 2706 juvenalem
690 2633 825 2699 licentiam,
850 2651 906 2704 qua
928 2636 991 2686 tunc

201 2718 297 2790 passim
317 2713 488 2778 exercebatur,
510 2713 609 2767 inanem
629 2715 726 2766 metum
745 2711 864 2766 fecerant.
899 2708 1014 2778 Nequct

202 2812 333 2852 servorum
342 2792 475 2864 quisquam
482 2809 563 2861 neque
571 2790 699 2844 clientium
705 2789 779 2860 Sylla
787 2787 903 2859 agnitus3
914 2785 991 2839 maxi-

202 2891 293 2944 meque
314 2870 480 2942 despectaret
501 2868 594 2922 nullius
615 2868 672 2922 ausi
691 2885 770 2938 capax
790 2870 882 2920 natura
901 2862 955 2931 ejus
976 2879 992 2916 a

204 2949 307 3006 mimine
333 2945 501 3004 abhorrebat:
529 2943 633 3016 perinde
655 2948 743 2999 tamen
765 2941 838 3014 quasi
861 2937 992 2995 convictus
