<?xml version="1.0" encoding="UTF-8"?>
<!DOCTYPE html PUBLIC "-//W3C//DTD XHTML 1.0 Transitional//EN"
    "http://www.w3.org/TR/xhtml1/DTD/xhtml1-transitional.dtd">
<html xmlns="http://www.w3.org/1999/xhtml" xml:lang="en" lang="en">
 <head>
  <title>
</title>
<meta http-equiv="Content-Type" content="text/html;charset=utf-8" />
  <meta name='ocr-system' content='tesseract 3.04.00' />
  <meta name='ocr-capabilities' content='ocr_page ocr_carea ocr_par ocr_line ocrx_word'/>
</head>
<body>
  <div class='ocr_page' id='page_1' title='image "./operaomniaadfid01tacigoog_0290.png"; bbox 0 0 2550 3500; ppageno 0'>
   <div class='ocr_carea' id='block_1_1' title="bbox 295 327 1094 449">
    <p class='ocr_par' dir='ltr' id='par_1_1' title="bbox 295 327 1087 437">
     <span class='ocr_line' id='line_1_1' title="bbox 295 327 753 383; baseline -0.009 -2"><span class='ocrx_word' id='word_1_1' title='bbox 295 331 345 383; x_wconf 70' lang='lat'><strong>284</strong></span> <span class='ocrx_word' id='word_1_2' title='bbox 630 327 753 379; x_wconf 75' lang='lat' dir='ltr'><strong>&#39;raom</strong></span> 
     </span>
     <span class='ocr_line' id='line_1_2' title="bbox 875 388 1094 449; baseline 0.009 -22"><span class='ocrx_word' id='word_1_3' title='bbox 875 388 910 437; x_wconf 80' lang='grc' dir='ltr'><strong>[ιι</strong></span> <span class='ocrx_word' id='word_1_4' title='bbox 920 388 948 427; x_wconf 80' lang='grc' dir='ltr'><strong>ιι</strong></span> <span class='ocrx_word' id='word_1_5' title='bbox 956 388 980 428; x_wconf 92' lang='lat' dir='ltr'><strong>c</strong></span> <span class='ocrx_word' id='word_1_6' title='bbox 989 388 1037 449; x_wconf 78' lang='lat' dir='ltr'><strong>aaa,</strong></span> <span class='ocrx_word' id='word_1_7' title='bbox 1044 388 1094 429; x_wconf 82' lang='lat' dir='ltr'><strong>ano.</strong></span> 
     </span>
    </p>
   </div>
   <div class='ocr_carea' id='block_1_2' title="bbox 234 436 1138 2970">
    <p class='ocr_par' dir='ltr' id='par_1_2' title="bbox 275 436 1096 973">
     <span class='ocr_line' id='line_1_3' title="bbox 275 436 1095 511; baseline -0.003 -15.947"><span class='ocrx_word' id='word_1_8' title='bbox 275 444 380 503; x_wconf 71' lang='lat' dir='ltr'><strong>storum</strong></span> <span class='ocrx_word' id='word_1_9' title='bbox 393 459 437 511; x_wconf 81' lang='lat' dir='ltr'><strong>qur</strong></span> <span class='ocrx_word' id='word_1_10' title='bbox 429 438 592 511; x_wconf 71' lang='lat' dir='ltr'><strong>preessent.</strong></span> <span class='ocrx_word' id='word_1_11' title='bbox 628 436 721 507; x_wconf 83' lang='lat' dir='ltr'><strong>Neque</strong></span> <span class='ocrx_word' id='word_1_12' title='bbox 732 438 760 493; x_wconf 91' lang='lat' dir='ltr'><strong>id</strong></span> <span class='ocrx_word' id='word_1_13' title='bbox 775 438 821 495; x_wconf 88' lang='lat' dir='ltr'><strong>din</strong></span> <span class='ocrx_word' id='word_1_14' title='bbox 836 439 937 503; x_wconf 86' lang='lat' dir='ltr'><strong>mansit,</strong></span> <span class='ocrx_word' id='word_1_15' title='bbox 955 438 1017 509; x_wconf 88' lang='lat' dir='ltr'><strong>quia</strong></span> <span class='ocrx_word' id='word_1_16' title='bbox 1032 456 1095 493; x_wconf 85' lang='lat' dir='ltr'><strong>sors</strong></span> 
     </span>
     <span class='ocr_line' id='line_1_4' title="bbox 297 513 1095 604; baseline -0.006 -30"><span class='ocrx_word' id='word_1_17' title='bbox 297 518 429 575; x_wconf 78' lang='lat' dir='ltr'>deerrabat</span> <span class='ocrx_word' id='word_1_18' title='bbox 417 516 473 573; x_wconf 85' lang='lat' dir='ltr'><strong>tad</strong></span> <span class='ocrx_word' id='word_1_19' title='bbox 485 534 572 587; x_wconf 88' lang='lat' dir='ltr'><strong>parum</strong></span> <span class='ocrx_word' id='word_1_20' title='bbox 584 513 696 570; x_wconf 87' lang='lat' dir='ltr'><strong>idoneos.</strong></span> <span class='ocrx_word' id='word_1_21' title='bbox 731 516 804 571; x_wconf 84' lang='lat' dir='ltr'><strong>Tunc</strong></span> <span class='ocrx_word' id='word_1_22' title='bbox 816 515 937 571; x_wconf 84' lang='lat' dir='ltr'><strong>Claudius</strong></span> <span class='ocrx_word' id='word_1_23' title='bbox 949 519 1095 604; x_wconf 76' lang='lat' dir='ltr'><strong>quaestores</strong></span> 
     </span>
     <span class='ocr_line' id='line_1_5' title="bbox 296 592 1094 665; baseline -0.005 -14"><span class='ocrx_word' id='word_1_24' title='bbox 296 615 397 651; x_wconf 88' lang='lat' dir='ltr'><strong>rursum</strong></span> <span class='ocrx_word' id='word_1_25' title='bbox 414 592 566 665; x_wconf 80' lang='lat' dir='ltr'><strong>imposuit,</strong></span> <span class='ocrx_word' id='word_1_26' title='bbox 559 592 649 661; x_wconf 85' lang='lat' dir='ltr'><strong>risque,</strong></span> <span class='ocrx_word' id='word_1_27' title='bbox 666 611 700 647; x_wconf 91' lang='lat' dir='ltr'><strong>ne</strong></span> <span class='ocrx_word' id='word_1_28' title='bbox 716 598 788 650; x_wconf 89' lang='lat' dir='ltr'><strong>metu</strong></span> <span class='ocrx_word' id='word_1_29' title='bbox 804 594 967 651; x_wconf 83' lang='lat' dir='ltr'><strong>offensionem</strong></span> <span class='ocrx_word' id='word_1_30' title='bbox 984 593 1094 663; x_wconf 85' lang='lat' dir='ltr'><strong>segnius</strong></span> 
     </span>
     <span class='ocr_line' id='line_1_6' title="bbox 275 668 1096 743; baseline -0.007 -14"><span class='ocrx_word' id='word_1_31' title='bbox 275 668 914 743; x_wconf 76' lang='lat' dir='ltr'><strong>aconsulerentextraordinemhonorespromisit.</strong></span> <span class='ocrx_word' id='word_1_32' title='bbox 943 668 1096 725; x_wconf 85' lang='lat' dir='ltr'><strong>Seddaerat</strong></span> 
     </span>
     <span class='ocr_line' id='line_1_7' title="bbox 296 744 1096 819; baseline -0.005 -14"><span class='ocrx_word' id='word_1_33' title='bbox 296 749 374 805; x_wconf 88' lang='lat' dir='ltr'><strong>robur</strong></span> <span class='ocrx_word' id='word_1_34' title='bbox 395 748 477 809; x_wconf 80' lang='lat' dir='ltr'><strong>atatis</strong></span> <span class='ocrx_word' id='word_1_35' title='bbox 495 744 679 817; x_wconf 86' lang='lat' dir='ltr'><strong>cumprimum</strong></span> <span class='ocrx_word' id='word_1_36' title='bbox 696 748 873 819; x_wconf 85' lang='lat' dir='ltr'><strong>magistratum</strong></span> <span class='ocrx_word' id='word_1_37' title='bbox 891 746 1096 817; x_wconf 75' lang='lat' dir='ltr'><strong>capessentibus.</strong></span> 
     </span>
     <span class='ocr_line' id='line_1_8' title="bbox 297 822 1094 899; baseline -0.001 -18"><span class='ocrx_word' id='word_1_38' title='bbox 297 826 383 899; x_wconf 78' lang='lat' dir='ltr'>Igitur</span> <span class='ocrx_word' id='word_1_39' title='bbox 394 824 465 881; x_wconf 88' lang='lat' dir='ltr'><strong>Nero</strong></span> <span class='ocrx_word' id='word_1_40' title='bbox 477 826 588 895; x_wconf 84' lang='lat' dir='ltr'><strong>praetura</strong></span> <span class='ocrx_word' id='word_1_41' title='bbox 599 822 746 895; x_wconf 82' lang='lat' dir='ltr'><strong>perfunctos</strong></span> <span class='ocrx_word' id='word_1_42' title='bbox 760 829 790 881; x_wconf 91' lang='lat' dir='ltr'><strong>et</strong></span> <span class='ocrx_word' id='word_1_43' title='bbox 801 824 957 897; x_wconf 84' lang='lat' dir='ltr'><strong>experientia</strong></span> <span class='ocrx_word' id='word_1_44' title='bbox 967 822 1094 895; x_wconf 81' lang='lat' dir='ltr'><strong>probatos</strong></span> 
     </span>
     <span class='ocr_line' id='line_1_9' title="bbox 297 902 400 973; baseline -0.029 -14"><span class='ocrx_word' id='word_1_45' title='bbox 297 902 400 973; x_wconf 89' lang='lat' dir='ltr'><strong>delegit.</strong></span> 
     </span>
    </p>

    <p class='ocr_par' dir='ltr' id='par_1_3' title="bbox 253 965 1138 1201">
     <span class='ocr_line' id='line_1_10' title="bbox 253 965 1138 1050; baseline -0.009 -11"><span class='ocrx_word' id='word_1_46' title='bbox 253 984 291 1041; x_wconf 85' lang='lat'><strong>30</strong></span> <span class='ocrx_word' id='word_1_47' title='bbox 332 980 475 1035; x_wconf 75' lang='lat' dir='ltr'><strong>Damnatus</strong></span> <span class='ocrx_word' id='word_1_48' title='bbox 498 975 581 1034; x_wconf 82' lang='lat' dir='ltr'><strong>isdem</strong></span> <span class='ocrx_word' id='word_1_49' title='bbox 608 976 754 1033; x_wconf 85' lang='lat' dir='ltr'><strong>oonsulibus</strong></span> <span class='ocrx_word' id='word_1_50' title='bbox 777 976 915 1050; x_wconf 78' lang='lat' dir='ltr'><strong>Vipsanius</strong></span> <span class='ocrx_word' id='word_1_51' title='bbox 936 976 1029 1034; x_wconf 71' lang='lat' dir='ltr'><strong>Isanaa</strong></span> <span class='ocrx_word' id='word_1_52' title='bbox 1057 976 1094 1032; x_wconf 92' lang='lat' dir='ltr'><strong>ob</strong></span> <span class='ocrx_word' id='word_1_53' title='bbox 1136 965 1138 996; x_wconf 66' lang='lat'>³</span> 
     </span>
     <span class='ocr_line' id='line_1_11' title="bbox 299 1052 1094 1127; baseline -0.003 -16"><span class='ocrx_word' id='word_1_54' title='bbox 299 1054 438 1111; x_wconf 78' lang='lat' dir='ltr'><strong>Sardiniam</strong></span> <span class='ocrx_word' id='word_1_55' title='bbox 450 1053 606 1127; x_wconf 87' lang='lat' dir='ltr'><strong>provinciam</strong></span> <span class='ocrx_word' id='word_1_56' title='bbox 622 1071 697 1108; x_wconf 86' lang='lat' dir='ltr'><strong>avare</strong></span> <span class='ocrx_word' id='word_1_57' title='bbox 713 1054 834 1110; x_wconf 84' lang='lat' dir='ltr'><strong>habitam.</strong></span> <span class='ocrx_word' id='word_1_58' title='bbox 869 1053 1010 1109; x_wconf 82' lang='lat' dir='ltr'><strong>Absolutus</strong></span> <span class='ocrx_word' id='word_1_59' title='bbox 1029 1052 1094 1109; x_wconf 86' lang='lat' dir='ltr'><strong>Ges·</strong></span> 
     </span>
     <span class='ocr_line' id='line_1_12' title="bbox 297 1128 1093 1201; baseline -0.001 -13"><span class='ocrx_word' id='word_1_60' title='bbox 297 1133 349 1188; x_wconf 89' lang='lat' dir='ltr'><strong>tius</strong></span> <span class='ocrx_word' id='word_1_61' title='bbox 366 1130 490 1188; x_wconf 87' lang='lat' dir='ltr'><strong>Proculus</strong></span> <span class='ocrx_word' id='word_1_62' title='bbox 513 1128 717 1201; x_wconf 89' lang='lat' dir='ltr'><strong>repetundarum,</strong></span> <span class='ocrx_word' id='word_1_63' title='bbox 729 1130 877 1188; x_wconf 73' lang='lat' dir='ltr'><strong>sedentibus</strong></span> <span class='ocrx_word' id='word_1_64' title='bbox 895 1128 1093 1187; x_wconf 77' lang='lat' dir='ltr'><strong>accusatoribus</strong></span> 
     </span>
    </p>

    <p class='ocr_par' dir='ltr' id='par_1_4' title="bbox 277 1206 1138 1970">
     <span class='ocr_line' id='line_1_13' title="bbox 277 1206 1093 1279; baseline -0.001 -15"><span class='ocrx_word' id='word_1_65' title='bbox 277 1208 401 1265; x_wconf 74' lang='lat' dir='ltr'><strong>acladius</strong></span> <span class='ocrx_word' id='word_1_66' title='bbox 413 1206 560 1272; x_wconf 78' lang='lat' dir='ltr'><strong>Quirinalis,</strong></span> <span class='ocrx_word' id='word_1_67' title='bbox 572 1206 647 1277; x_wconf 91' lang='lat' dir='ltr'><strong>quod,</strong></span> <span class='ocrx_word' id='word_1_68' title='bbox 657 1207 791 1277; x_wconf 81' lang='lat' dir='ltr'><strong>praefectus</strong></span> <span class='ocrx_word' id='word_1_69' title='bbox 804 1208 927 1279; x_wconf 85' lang='lat' dir='ltr'><strong>remigum</strong></span> <span class='ocrx_word' id='word_1_70' title='bbox 937 1209 981 1278; x_wconf 90' lang='lat' dir='ltr'><strong>qui</strong></span> <span class='ocrx_word' id='word_1_71' title='bbox 989 1206 1093 1263; x_wconf 79' lang='lat' dir='ltr'><strong>Raven-</strong></span> 
     </span>
     <span class='ocr_line' id='line_1_14' title="bbox 299 1282 1092 1349; baseline -0.006 -7"><span class='ocrx_word' id='word_1_72' title='bbox 299 1305 340 1343; x_wconf 87' lang='lat' dir='ltr'><strong>naa</strong></span> <span class='ocrx_word' id='word_1_73' title='bbox 351 1286 512 1349; x_wconf 87' lang='lat' dir='ltr'><strong>haberentur,</strong></span> <span class='ocrx_word' id='word_1_74' title='bbox 525 1283 595 1339; x_wconf 84' lang='lat' dir='ltr'><strong>velut</strong></span> <span class='ocrx_word' id='word_1_75' title='bbox 609 1282 719 1340; x_wconf 86' lang='lat' dir='ltr'><strong>infimam</strong></span> <span class='ocrx_word' id='word_1_76' title='bbox 730 1284 861 1339; x_wconf 91' lang='lat' dir='ltr'><strong>nationum</strong></span> <span class='ocrx_word' id='word_1_77' title='bbox 873 1284 975 1339; x_wconf 89' lang='lat' dir='ltr'><strong>Italiam</strong></span> <span class='ocrx_word' id='word_1_78' title='bbox 989 1282 1092 1337; x_wconf 87' lang='lat' dir='ltr'><strong>luxuria</strong></span> 
     </span>
     <span class='ocr_line' id='line_1_15' title="bbox 298 1360 1090 1433; baseline -0.005 -15"><span class='ocrx_word' id='word_1_79' title='bbox 298 1362 445 1433; x_wconf 86' lang='lat' dir='ltr'><strong>saevitiaque</strong></span> <span class='ocrx_word' id='word_1_80' title='bbox 462 1360 639 1427; x_wconf 85' lang='lat' dir='ltr'><strong>afflictavisset‚</strong></span> <span class='ocrx_word' id='word_1_81' title='bbox 659 1378 756 1417; x_wconf 87' lang='lat' dir='ltr'><strong>veneno</strong></span> <span class='ocrx_word' id='word_1_82' title='bbox 780 1360 966 1417; x_wconf 87' lang='lat' dir='ltr'><strong>damnationem</strong></span> <span class='ocrx_word' id='word_1_83' title='bbox 989 1360 1090 1415; x_wconf 83' lang='lat' dir='ltr'><strong>anteiit.</strong></span> 
     </span>
     <span class='ocr_line' id='line_1_16' title="bbox 275 1436 1138 1526; baseline -0.006 -30.863"><span class='ocrx_word' id='word_1_84' title='bbox 275 1440 350 1511; x_wconf 81' lang='lat'><strong>3.†0</strong></span> <span class='ocrx_word' id='word_1_85' title='bbox 364 1438 480 1497; x_wconf 73' lang='lat' dir='ltr'><strong>Aminios</strong></span> <span class='ocrx_word' id='word_1_86' title='bbox 503 1437 610 1502; x_wconf 67' lang='lat' dir='ltr'><strong>Rebus,</strong></span> <span class='ocrx_word' id='word_1_87' title='bbox 629 1455 662 1493; x_wconf 86' lang='lat' dir='ltr'><strong>cx</strong></span> <span class='ocrx_word' id='word_1_88' title='bbox 678 1438 830 1509; x_wconf 88' lang='lat' dir='ltr'><strong>primoribus</strong></span> <span class='ocrx_word' id='word_1_89' title='bbox 847 1437 940 1509; x_wconf 88' lang='lat' dir='ltr'><strong>peritia</strong></span> <span class='ocrx_word' id='word_1_90' title='bbox 961 1436 1049 1526; x_wconf 80' lang='lat' dir='ltr'><strong>legum</strong></span> <span class='ocrx_word' id='word_1_91' title='bbox 1064 1440 1091 1491; x_wconf 84' lang='lat' dir='ltr'><strong>et</strong></span> <span class='ocrx_word' id='word_1_92' title='bbox 1136 1449 1138 1512; x_wconf 65' lang='grc' dir='ltr'><strong>ι</strong></span> 
     </span>
     <span class='ocr_line' id='line_1_17' title="bbox 297 1514 1092 1589; baseline -0.005 -16"><span class='ocrx_word' id='word_1_93' title='bbox 297 1516 411 1589; x_wconf 84' lang='lat' dir='ltr'><strong>pecuniae</strong></span> <span class='ocrx_word' id='word_1_94' title='bbox 433 1514 617 1587; x_wconf 84' lang='lat' dir='ltr'><strong>magnitudine,</strong></span> <span class='ocrx_word' id='word_1_95' title='bbox 643 1514 770 1569; x_wconf 88' lang='lat' dir='ltr'><strong>cruciatus</strong></span> <span class='ocrx_word' id='word_1_96' title='bbox 794 1534 868 1587; x_wconf 81' lang='lat' dir='ltr'><strong>agrae</strong></span> <span class='ocrx_word' id='word_1_97' title='bbox 884 1519 992 1571; x_wconf 76' lang='lat' dir='ltr'><strong>senecta</strong></span> <span class='ocrx_word' id='word_1_98' title='bbox 1014 1514 1092 1569; x_wconf 87' lang='lat' dir='ltr'><strong>misso</strong></span> 
     </span>
     <span class='ocr_line' id='line_1_18' title="bbox 297 1556 1092 1724; baseline -0.005 -75"><span class='ocrx_word' id='word_1_99' title='bbox 297 1612 343 1669; x_wconf 88' lang='lat' dir='ltr'><strong>per</strong></span> <span class='ocrx_word' id='word_1_100' title='bbox 360 1611 436 1724; x_wconf 81' lang='lat' dir='ltr'><strong>renas</strong></span> <span class='ocrx_word' id='word_1_101' title='bbox 453 1592 575 1665; x_wconf 87' lang='lat' dir='ltr'><strong>sanguine</strong></span> <span class='ocrx_word' id='word_1_102' title='bbox 592 1556 701 1663; x_wconf 76' lang='lat' dir='ltr'><strong>elingit3</strong></span> <span class='ocrx_word' id='word_1_103' title='bbox 718 1591 787 1646; x_wconf 89' lang='lat' dir='ltr'><strong>haud</strong></span> <span class='ocrx_word' id='word_1_104' title='bbox 803 1592 915 1647; x_wconf 86' lang='lat' dir='ltr'><strong>creditus</strong></span> <span class='ocrx_word' id='word_1_105' title='bbox 930 1591 1045 1646; x_wconf 89' lang='lat' dir='ltr'><strong>sufficere</strong></span> <span class='ocrx_word' id='word_1_106' title='bbox 1060 1589 1092 1645; x_wconf 89' lang='lat' dir='ltr'><strong>ad</strong></span> 
     </span>
     <span class='ocr_line' id='line_1_19' title="bbox 299 1667 1092 1734; baseline -0.003 -9"><span class='ocrx_word' id='word_1_107' title='bbox 299 1674 405 1725; x_wconf 89' lang='lat' dir='ltr'><strong>constan</strong></span> <span class='ocrx_word' id='word_1_108' title='bbox 417 1667 613 1725; x_wconf 81' lang='lat' dir='ltr'><strong>ramsumenda</strong></span> <span class='ocrx_word' id='word_1_109' title='bbox 632 1668 730 1734; x_wconf 91' lang='lat' dir='ltr'><strong>mortis,</strong></span> <span class='ocrx_word' id='word_1_110' title='bbox 749 1668 782 1723; x_wconf 94' lang='lat' dir='ltr'><strong>ob</strong></span> <span class='ocrx_word' id='word_1_111' title='bbox 800 1668 918 1727; x_wconf 90' lang='lat' dir='ltr'><strong>libidines</strong></span> <span class='ocrx_word' id='word_1_112' title='bbox 935 1667 1092 1723; x_wconf 81' lang='lat' dir='ltr'><strong>muliebriter</strong></span> 
     </span>
     <span class='ocr_line' id='line_1_20' title="bbox 278 1744 1093 1818; baseline -0.007 -12"><span class='ocrx_word' id='word_1_113' title='bbox 278 1746 464 1806; x_wconf 70' lang='lat' dir='ltr'><strong>dinturnist</strong></span> <span class='ocrx_word' id='word_1_114' title='bbox 430 1744 634 1800; x_wconf 82' lang='lat' dir='ltr'><strong>ntL.v01usius</strong></span> <span class='ocrx_word' id='word_1_115' title='bbox 644 1764 746 1818; x_wconf 72' lang='lat' dir='ltr'><strong>egregia</strong></span> <span class='ocrx_word' id='word_1_116' title='bbox 756 1744 824 1802; x_wconf 90' lang='lat' dir='ltr'><strong>fama</strong></span> <span class='ocrx_word' id='word_1_117' title='bbox 832 1749 973 1812; x_wconf 75' lang='lat' dir='ltr'><strong>concessi</strong></span> <span class='ocrx_word' id='word_1_118' title='bbox 990 1744 1093 1800; x_wconf 83' lang='lat' dir='ltr'><strong>cuitrcs</strong></span> 
     </span>
     <span class='ocr_line' id='line_1_21' title="bbox 301 1821 1093 1894; baseline 0 -16"><span class='ocrx_word' id='word_1_119' title='bbox 301 1827 328 1880; x_wconf 87' lang='lat' dir='ltr'><strong>ct</strong></span> <span class='ocrx_word' id='word_1_120' title='bbox 345 1822 485 1893; x_wconf 86' lang='lat' dir='ltr'><strong>nonaginta</strong></span> <span class='ocrx_word' id='word_1_121' title='bbox 502 1821 561 1876; x_wconf 90' lang='lat' dir='ltr'><strong>anni</strong></span> <span class='ocrx_word' id='word_1_122' title='bbox 579 1822 690 1892; x_wconf 89' lang='lat' dir='ltr'><strong>spatium</strong></span> <span class='ocrx_word' id='word_1_123' title='bbox 707 1823 814 1892; x_wconf 76' lang='lat' dir='ltr'><strong>vivendi,</strong></span> <span class='ocrx_word' id='word_1_124' title='bbox 832 1823 1014 1894; x_wconf 75' lang='lat' dir='ltr'><strong>praecipuaeque</strong></span> <span class='ocrx_word' id='word_1_125' title='bbox 1032 1841 1093 1894; x_wconf 80' lang='lat' dir='ltr'><strong>oper</strong></span> 
     </span>
     <span class='ocr_line' id='line_1_22' title="bbox 301 1898 1138 1970; baseline 0.001 -14"><span class='ocrx_word' id='word_1_126' title='bbox 301 1900 374 1956; x_wconf 91' lang='lat' dir='ltr'><strong>bonis</strong></span> <span class='ocrx_word' id='word_1_127' title='bbox 387 1899 492 1966; x_wconf 89' lang='lat' dir='ltr'><strong>artibus,</strong></span> <span class='ocrx_word' id='word_1_128' title='bbox 506 1898 629 1954; x_wconf 85' lang='lat' dir='ltr'><strong>inoffensa</strong></span> <span class='ocrx_word' id='word_1_129' title='bbox 639 1904 680 1953; x_wconf 86' lang='lat' dir='ltr'><strong>tot</strong></span> <span class='ocrx_word' id='word_1_130' title='bbox 692 1899 873 1970; x_wconf 87' lang='lat' dir='ltr'><strong>imperatorum</strong></span> <span class='ocrx_word' id='word_1_131' title='bbox 884 1900 982 1957; x_wconf 86' lang='lat' dir='ltr'><strong>malitia</strong></span> <span class='ocrx_word' id='word_1_132' title='bbox 992 1899 1051 1955; x_wconf 87' lang='lat' dir='ltr'><strong>fuit.</strong></span> <span class='ocrx_word' id='word_1_133' title='bbox 1136 1918 1138 1957; x_wconf 81' lang='grc' dir='ltr'><strong>ι</strong></span> 
     </span>
    </p>

    <p class='ocr_par' dir='ltr' id='par_1_5' title="bbox 258 1977 1095 2050">
     <span class='ocr_line' id='line_1_23' title="bbox 258 1977 1095 2050; baseline 0 -16"><span class='ocrx_word' id='word_1_134' title='bbox 258 1987 291 2041; x_wconf 84' lang='grc'><strong>31</strong></span> <span class='ocrx_word' id='word_1_135' title='bbox 337 1979 441 2034; x_wconf 88' lang='lat' dir='ltr'><strong>Nerone</strong></span> <span class='ocrx_word' id='word_1_136' title='bbox 458 1977 604 2046; x_wconf 87' lang='lat' dir='ltr'><strong>secundum,</strong></span> <span class='ocrx_word' id='word_1_137' title='bbox 622 1977 654 2032; x_wconf 80' lang='lat' dir='ltr'><strong>L.</strong></span> <span class='ocrx_word' id='word_1_138' title='bbox 668 1978 761 2034; x_wconf 89' lang='lat' dir='ltr'><strong>Pisone</strong></span> <span class='ocrx_word' id='word_1_139' title='bbox 778 1978 931 2046; x_wconf 83' lang='lat' dir='ltr'><strong>consulibus,</strong></span> <span class='ocrx_word' id='word_1_140' title='bbox 947 1996 1029 2050; x_wconf 90' lang='lat' dir='ltr'><strong>pauca</strong></span> <span class='ocrx_word' id='word_1_141' title='bbox 1043 1997 1095 2034; x_wconf 70' lang='lat' dir='ltr'><strong>mee</strong></span> 
     </span>
    </p>

    <p class='ocr_par' dir='ltr' id='par_1_6' title="bbox 234 2055 1095 2151">
     <span class='ocr_line' id='line_1_24' title="bbox 234 2055 1095 2151; baseline -0.002 -39"><span class='ocrx_word' id='word_1_142' title='bbox 234 2056 385 2151; x_wconf 53' lang='lat' dir='ltr'><strong>tgpbamoria</strong></span> <span class='ocrx_word' id='word_1_143' title='bbox 406 2055 483 2128; x_wconf 88' lang='lat' dir='ltr'><strong>digna</strong></span> <span class='ocrx_word' id='word_1_144' title='bbox 502 2073 615 2122; x_wconf 86' lang='lat' dir='ltr'><strong>evenere,</strong></span> <span class='ocrx_word' id='word_1_145' title='bbox 634 2055 685 2112; x_wconf 90' lang='lat' dir='ltr'><strong>nisi</strong></span> <span class='ocrx_word' id='word_1_146' title='bbox 704 2056 746 2111; x_wconf 92' lang='lat' dir='ltr'><strong>cni</strong></span> <span class='ocrx_word' id='word_1_147' title='bbox 762 2056 840 2112; x_wconf 90' lang='lat' dir='ltr'><strong>libeat</strong></span> <span class='ocrx_word' id='word_1_148' title='bbox 856 2055 988 2111; x_wconf 85' lang='lat' dir='ltr'><strong>laudandis</strong></span> <span class='ocrx_word' id='word_1_149' title='bbox 1005 2055 1095 2110; x_wconf 77' lang='lat' dir='ltr'><strong>lunda-</strong></span> 
     </span>
    </p>

    <p class='ocr_par' dir='ltr' id='par_1_7' title="bbox 244 2110 1138 2204">
     <span class='ocr_line' id='line_1_25' title="bbox 244 2110 1138 2204; baseline -0.004 -14"><span class='ocrx_word' id='word_1_150' title='bbox 244 2139 289 2202; x_wconf 58' lang='lat' dir='ltr'><strong>m]</strong></span> <span class='ocrx_word' id='word_1_151' title='bbox 304 2134 397 2190; x_wconf 88' lang='lat' dir='ltr'><strong>mentis</strong></span> <span class='ocrx_word' id='word_1_152' title='bbox 422 2137 448 2190; x_wconf 87' lang='lat' dir='ltr'><strong>et</strong></span> <span class='ocrx_word' id='word_1_153' title='bbox 471 2132 594 2198; x_wconf 86' lang='lat' dir='ltr'><strong>trabibus,</strong></span> <span class='ocrx_word' id='word_1_154' title='bbox 621 2133 677 2204; x_wconf 81' lang='lat' dir='ltr'><strong>quis</strong></span> <span class='ocrx_word' id='word_1_155' title='bbox 704 2133 797 2188; x_wconf 90' lang='lat' dir='ltr'><strong>molem</strong></span> <span class='ocrx_word' id='word_1_156' title='bbox 819 2132 1000 2203; x_wconf 85' lang='lat' dir='ltr'><strong>amphitheatri</strong></span> <span class='ocrx_word' id='word_1_157' title='bbox 1027 2131 1095 2204; x_wconf 82' lang='lat' dir='ltr'><strong>apud</strong></span> <span class='ocrx_word' id='word_1_158' title='bbox 1136 2110 1138 2169; x_wconf 74' lang='lat' dir='ltr'><strong>l</strong></span> 
     </span>
    </p>

    <p class='ocr_par' dir='ltr' id='par_1_8' title="bbox 248 2209 1096 2668">
     <span class='ocr_line' id='line_1_26' title="bbox 248 2209 1094 2284; baseline -0.006 -16"><span class='ocrx_word' id='word_1_159' title='bbox 248 2209 279 2254; x_wconf 78' lang='lat'><strong>⁵⁷·</strong></span> <span class='ocrx_word' id='word_1_160' title='bbox 304 2229 423 2284; x_wconf 90' lang='lat' dir='ltr'><strong>campum</strong></span> <span class='ocrx_word' id='word_1_161' title='bbox 440 2211 534 2266; x_wconf 89' lang='lat' dir='ltr'><strong>Martis</strong></span> <span class='ocrx_word' id='word_1_162' title='bbox 553 2209 638 2268; x_wconf 76' lang='lat' dir='ltr'><strong>casu</strong></span> <span class='ocrx_word' id='word_1_163' title='bbox 656 2214 811 2276; x_wconf 83' lang='lat' dir='ltr'><strong>extruxerat,</strong></span> <span class='ocrx_word' id='word_1_164' title='bbox 829 2210 958 2267; x_wconf 83' lang='lat' dir='ltr'><strong>volumina</strong></span> <span class='ocrx_word' id='word_1_165' title='bbox 973 2209 1094 2282; x_wconf 82' lang='lat' dir='ltr'><strong>implere3</strong></span> 
     </span>
     <span class='ocr_line' id='line_1_27' title="bbox 304 2286 1096 2359; baseline 0.001 -16"><span class='ocrx_word' id='word_1_166' title='bbox 304 2307 362 2344; x_wconf 88' lang='lat' dir='ltr'><strong>cum</strong></span> <span class='ocrx_word' id='word_1_167' title='bbox 381 2307 414 2343; x_wconf 85' lang='lat' dir='ltr'><strong>ex</strong></span> <span class='ocrx_word' id='word_1_168' title='bbox 433 2287 558 2358; x_wconf 87' lang='lat' dir='ltr'><strong>dignitate</strong></span> <span class='ocrx_word' id='word_1_169' title='bbox 576 2286 664 2358; x_wconf 90' lang='lat' dir='ltr'><strong>populi</strong></span> <span class='ocrx_word' id='word_1_170' title='bbox 681 2287 791 2344; x_wconf 85' lang='lat' dir='ltr'><strong>Romani</strong></span> <span class='ocrx_word' id='word_1_171' title='bbox 807 2293 937 2359; x_wconf 88' lang='lat' dir='ltr'><strong>repertum</strong></span> <span class='ocrx_word' id='word_1_172' title='bbox 954 2286 990 2342; x_wconf 89' lang='lat' dir='ltr'><strong>sit</strong></span> <span class='ocrx_word' id='word_1_173' title='bbox 1008 2305 1051 2344; x_wconf 84' lang='lat' dir='ltr'><strong>res</strong></span> <span class='ocrx_word' id='word_1_174' title='bbox 1067 2286 1096 2343; x_wconf 86' lang='lat' dir='ltr'><strong>il-</strong></span> 
     </span>
     <span class='ocr_line' id='line_1_28' title="bbox 304 2363 1094 2429; baseline -0.001 -10"><span class='ocrx_word' id='word_1_175' title='bbox 304 2364 398 2420; x_wconf 86' lang='lat' dir='ltr'><strong>lustres</strong></span> <span class='ocrx_word' id='word_1_176' title='bbox 422 2363 562 2429; x_wconf 83' lang='lat' dir='ltr'><strong>annalibus,</strong></span> <span class='ocrx_word' id='word_1_177' title='bbox 588 2363 651 2420; x_wconf 86' lang='lat' dir='ltr'><strong>talia</strong></span> <span class='ocrx_word' id='word_1_178' title='bbox 673 2363 770 2419; x_wconf 82' lang='lat' dir='ltr'><strong>diurnis</strong></span> <span class='ocrx_word' id='word_1_179' title='bbox 792 2364 864 2420; x_wconf 87' lang='lat' dir='ltr'><strong>urbis</strong></span> <span class='ocrx_word' id='word_1_180' title='bbox 885 2364 949 2420; x_wconf 86' lang='lat' dir='ltr'><strong>sctis</strong></span> <span class='ocrx_word' id='word_1_181' title='bbox 968 2363 1094 2419; x_wconf 88' lang='lat' dir='ltr'><strong>mandare.</strong></span> 
     </span>
     <span class='ocr_line' id='line_1_29' title="bbox 282 2440 1094 2512; baseline -0.004 -13"><span class='ocrx_word' id='word_1_182' title='bbox 282 2441 427 2499; x_wconf 83' lang='lat' dir='ltr'><strong>20etcrum</strong></span> <span class='ocrx_word' id='word_1_183' title='bbox 441 2441 543 2499; x_wconf 79' lang='lat' dir='ltr'><strong>colonia</strong></span> <span class='ocrx_word' id='word_1_184' title='bbox 556 2441 644 2512; x_wconf 85' lang='lat' dir='ltr'><strong>Capua</strong></span> <span class='ocrx_word' id='word_1_185' title='bbox 655 2445 731 2512; x_wconf 89' lang='lat' dir='ltr'><strong>atque</strong></span> <span class='ocrx_word' id='word_1_186' title='bbox 742 2441 855 2497; x_wconf 88' lang='lat' dir='ltr'><strong>Nuceria</strong></span> <span class='ocrx_word' id='word_1_187' title='bbox 866 2440 958 2496; x_wconf 88' lang='lat' dir='ltr'><strong>additis</strong></span> <span class='ocrx_word' id='word_1_188' title='bbox 969 2441 1094 2496; x_wconf 82' lang='lat' dir='ltr'><strong>veteranis</strong></span> 
     </span>
     <span class='ocr_line' id='line_1_30' title="bbox 304 2517 1095 2590; baseline 0.001 -20"><span class='ocrx_word' id='word_1_189' title='bbox 304 2517 388 2572; x_wconf 84' lang='lat' dir='ltr'><strong>firmat</strong></span> <span class='ocrx_word' id='word_1_190' title='bbox 376 2521 410 2572; x_wconf 83' lang='lat' dir='ltr'><strong>tre</strong></span> <span class='ocrx_word' id='word_1_191' title='bbox 420 2522 481 2572; x_wconf 89' lang='lat' dir='ltr'><strong>sunt</strong></span> <span class='ocrx_word' id='word_1_192' title='bbox 469 2522 500 2572; x_wconf 92' lang='lat' dir='ltr'><strong>t·</strong></span> <span class='ocrx_word' id='word_1_193' title='bbox 493 2517 647 2589; x_wconf 88' lang='lat' dir='ltr'><strong>‚plebeique</strong></span> <span class='ocrx_word' id='word_1_194' title='bbox 658 2517 814 2590; x_wconf 80' lang='lat' dir='ltr'><strong>congiarium</strong></span> <span class='ocrx_word' id='word_1_195' title='bbox 826 2517 992 2590; x_wconf 80' lang='lat' dir='ltr'><strong>quadringeni</strong></span> <span class='ocrx_word' id='word_1_196' title='bbox 999 2517 1095 2572; x_wconf 90' lang='lat' dir='ltr'><strong>nummi</strong></span> 
     </span>
     <span class='ocr_line' id='line_1_31' title="bbox 303 2593 1094 2668; baseline 0 -20"><span class='ocrx_word' id='word_1_197' title='bbox 303 2593 398 2648; x_wconf 86' lang='lat' dir='ltr'><strong>viritim</strong></span> <span class='ocrx_word' id='word_1_198' title='bbox 415 2593 476 2660; x_wconf 86' lang='lat' dir='ltr'><strong>dati,</strong></span> <span class='ocrx_word' id='word_1_199' title='bbox 495 2599 521 2650; x_wconf 89' lang='lat' dir='ltr'><strong>ct</strong></span> <span class='ocrx_word' id='word_1_200' title='bbox 539 2595 685 2650; x_wconf 87' lang='lat' dir='ltr'><strong>sestertium</strong></span> <span class='ocrx_word' id='word_1_201' title='bbox 703 2594 908 2668; x_wconf 84' lang='lat' dir='ltr'><strong>quadringenties</strong></span> <span class='ocrx_word' id='word_1_202' title='bbox 931 2594 1019 2653; x_wconf 78' lang='lat' dir='ltr'><strong>serario</strong></span> <span class='ocrx_word' id='word_1_203' title='bbox 1040 2593 1094 2648; x_wconf 91' lang='lat' dir='ltr'><strong>illa·</strong></span> 
     </span>
    </p>

    <p class='ocr_par' dir='ltr' id='par_1_9' title="bbox 280 2669 1093 2970">
     <span class='ocr_line' id='line_1_32' title="bbox 281 2669 1093 2744; baseline 0 -20"><span class='ocrx_word' id='word_1_204' title='bbox 281 2673 360 2732; x_wconf 75' lang='lat' dir='ltr'><strong>stum</strong></span> <span class='ocrx_word' id='word_1_205' title='bbox 377 2669 471 2734; x_wconf 77' lang='lat' dir='ltr'><strong>estad</strong></span> <span class='ocrx_word' id='word_1_206' title='bbox 482 2670 638 2727; x_wconf 87' lang='lat' dir='ltr'><strong>retinendam</strong></span> <span class='ocrx_word' id='word_1_207' title='bbox 650 2671 738 2741; x_wconf 88' lang='lat' dir='ltr'><strong>popuh</strong></span> <span class='ocrx_word' id='word_1_208' title='bbox 748 2671 831 2726; x_wconf 88' lang='lat' dir='ltr'><strong>fidem</strong></span> <span class='ocrx_word' id='word_1_209' title='bbox 866 2670 985 2744; x_wconf 74' lang='lat' dir='ltr'><strong>Vectigal</strong></span> <span class='ocrx_word' id='word_1_210' title='bbox 995 2688 1093 2742; x_wconf 91' lang='lat' dir='ltr'><strong>quoque</strong></span> 
     </span>
     <span class='ocr_line' id='line_1_33' title="bbox 303 2746 1090 2818; baseline 0.004 -17"><span class='ocrx_word' id='word_1_211' title='bbox 281 2686 443 2818; x_wconf 66' lang='lat' dir='ltr'><strong>3quintaect</strong></span> <span class='ocrx_word' id='word_1_212' title='bbox 461 2746 584 2802; x_wconf 79' lang='lat' dir='ltr'><strong>vicesima</strong></span> <span class='ocrx_word' id='word_1_213' title='bbox 602 2747 729 2802; x_wconf 89' lang='lat' dir='ltr'><strong>venalium</strong></span> <span class='ocrx_word' id='word_1_214' title='bbox 751 2747 933 2818; x_wconf 88' lang='lat' dir='ltr'><strong>mancipiorum</strong></span> <span class='ocrx_word' id='word_1_215' title='bbox 952 2746 1090 2811; x_wconf 81' lang='lat' dir='ltr'><strong>remissum,</strong></span> 
     </span>
     <span class='ocr_line' id='line_1_34' title="bbox 303 2821 1090 2894; baseline -0.001 -18"><span class='ocrx_word' id='word_1_216' title='bbox 303 2824 388 2892; x_wconf 89' lang='lat' dir='ltr'><strong>specie</strong></span> <span class='ocrx_word' id='word_1_217' title='bbox 400 2821 480 2892; x_wconf 89' lang='lat' dir='ltr'><strong>magis</strong></span> <span class='ocrx_word' id='word_1_218' title='bbox 494 2839 568 2892; x_wconf 89' lang='lat' dir='ltr'><strong>quem</strong></span> <span class='ocrx_word' id='word_1_219' title='bbox 579 2823 612 2886; x_wconf 92' lang='grc' dir='ltr'><strong>ιι,</strong></span> <span class='ocrx_word' id='word_1_220' title='bbox 627 2823 686 2892; x_wconf 91' lang='lat' dir='ltr'><strong>quia</strong></span> <span class='ocrx_word' id='word_1_221' title='bbox 697 2840 755 2878; x_wconf 89' lang='lat' dir='ltr'><strong>cnm</strong></span> <span class='ocrx_word' id='word_1_222' title='bbox 766 2823 884 2880; x_wconf 84' lang='lat' dir='ltr'><strong>venditor</strong></span> <span class='ocrx_word' id='word_1_223' title='bbox 899 2822 1009 2894; x_wconf 85' lang='lat' dir='ltr'><strong>pendere</strong></span> <span class='ocrx_word' id='word_1_224' title='bbox 1020 2821 1090 2890; x_wconf 81' lang='lat' dir='ltr'><strong>jnbc</strong></span> 
     </span>
     <span class='ocr_line' id='line_1_35' title="bbox 280 2896 1087 2970; baseline -0.002 -16"><span class='ocrx_word' id='word_1_225' title='bbox 280 2904 342 2954; x_wconf 70' lang='lat' dir='ltr'><strong>drot</strong></span> <span class='ocrx_word' id='word_1_226' title='bbox 344 2917 382 2968; x_wconf 89' lang='lat' dir='ltr'><strong>ur,</strong></span> <span class='ocrx_word' id='word_1_227' title='bbox 395 2899 422 2954; x_wconf 92' lang='lat' dir='ltr'><strong>in</strong></span> <span class='ocrx_word' id='word_1_228' title='bbox 433 2903 530 2970; x_wconf 90' lang='lat' dir='ltr'><strong>partem</strong></span> <span class='ocrx_word' id='word_1_229' title='bbox 542 2903 598 2970; x_wconf 88' lang='lat' dir='ltr'><strong>pret</strong></span> <span class='ocrx_word' id='word_1_230' title='bbox 599 2899 617 2954; x_wconf 87' lang='lat' dir='ltr'><strong>ir</strong></span> <span class='ocrx_word' id='word_1_231' title='bbox 610 2899 785 2969; x_wconf 85' lang='lat' dir='ltr'><strong>&#39;emptoribus</strong></span> <span class='ocrx_word' id='word_1_232' title='bbox 801 2898 968 2957; x_wconf 81' lang='lat' dir='ltr'><strong>accrescebat.</strong></span> <span class='ocrx_word' id='word_1_233' title='bbox 1001 2896 1087 2955; x_wconf 74' lang='lat' dir='ltr'><strong>anxir</strong></span> 
     </span>
    </p>
   </div>
   <div class='ocr_carea' id='block_1_3' title="bbox 0 0 1280 3500">
    <p class='ocr_par' dir='ltr' id='par_1_10' title="bbox 0 0 1280 3500">
     <span class='ocr_line' id='line_1_36' title="bbox 0 0 1280 3500; baseline 0 0"><span class='ocrx_word' id='word_1_234' title='bbox 0 0 1280 3500; x_wconf 95' lang='lat' dir='ltr'><strong> </strong></span> 
     </span>
    </p>
   </div>
  </div>
 </body>
</html>
